
  
  
  
  
  
  
  
 
  
  <record xsi:schemaLocation="http://www.loc.gov/MARC21/slim http://www.loc.gov/standards/marcxml/schema/MARC21slim.xsd">
      <leader>00000cam  2200721 a 4500</leader>
      <controlfield tag="FMT">BK</controlfield>
      <controlfield tag="LDR">00000cam  2200721 a 4500</controlfield>
      <controlfield tag="001">004023129</controlfield>
      <controlfield tag="003">OCoLC</controlfield>
      <controlfield tag="005">20140801105002.0</controlfield>
      <controlfield tag="008">140801r19841929mau      b    001 0deng d</controlfield>
      <datafield tag="020" ind1=" " ind2=" ">
         <subfield code="a">0674995147 (U.S.)</subfield>
      </datafield>
      <datafield tag="020" ind1=" " ind2=" ">
         <subfield code="a">9780674995147 (U.S.)</subfield>
      </datafield>
      <datafield tag="020" ind1=" " ind2=" ">
         <subfield code="a">0434994677</subfield>
      </datafield>
      <datafield tag="020" ind1=" " ind2=" ">
         <subfield code="a">9780434994670</subfield>
      </datafield>
      <datafield tag="035" ind1=" " ind2=" ">
         <subfield code="a">(OCoLC)24147334</subfield>
         <subfield code="z">(OCoLC)11405525</subfield>
         <subfield code="z">(OCoLC)52551521</subfield>
      </datafield>
      <datafield tag="040" ind1=" " ind2=" ">
         <subfield code="a">CEN</subfield>
         <subfield code="b">eng</subfield>
         <subfield code="c">CEN</subfield>
         <subfield code="d">EUN</subfield>
         <subfield code="d">GZQ</subfield>
         <subfield code="d">VVC</subfield>
         <subfield code="d">NLGGC</subfield>
         <subfield code="d">OCLCG</subfield>
         <subfield code="d">CUY</subfield>
         <subfield code="d">AU@</subfield>
         <subfield code="d">OCLCQ</subfield>
         <subfield code="d">MFM</subfield>
         <subfield code="d">BAKER</subfield>
         <subfield code="d">YDXCP</subfield>
         <subfield code="d">COF</subfield>
         <subfield code="d">TXI</subfield>
         <subfield code="d">DEBBG</subfield>
         <subfield code="d">TVG</subfield>
         <subfield code="d">OCLCQ</subfield>
         <subfield code="d">NNU</subfield>
      </datafield>
      <datafield tag="041" ind1="1" ind2=" ">
         <subfield code="a">eng</subfield>
         <subfield code="a">lat</subfield>
         <subfield code="h">lat</subfield>
      </datafield>
      <datafield tag="043" ind1=" " ind2=" ">
         <subfield code="a">e-gr---</subfield>
         <subfield code="a">f-ti---</subfield>
         <subfield code="a">e------</subfield>
         <subfield code="a">aw-----</subfield>
         <subfield code="a">ff-----</subfield>
      </datafield>
      <datafield tag="050" ind1=" " ind2="4">
         <subfield code="a">PA6515</subfield>
         <subfield code="b">.A2 1984</subfield>
      </datafield>
      <datafield tag="050" ind1=" " ind2="4">
         <subfield code="a">PA6156.N4</subfield>
         <subfield code="b">N4 1984</subfield>
      </datafield>
      <datafield tag="100" ind1="1" ind2=" ">
         <subfield code="a">Nepos, Cornelius.</subfield>
      </datafield>
      <datafield tag="245" ind1="1" ind2="0">
         <subfield code="a">Cornelius Nepos /</subfield>
         <subfield code="c">with an English translation by John C. Rolfe.</subfield>
      </datafield>
      <datafield tag="260" ind1=" " ind2=" ">
         <subfield code="a">Cambridge, Mass. :</subfield>
         <subfield code="b">Harvard University Press ;</subfield>
         <subfield code="a">London :</subfield>
         <subfield code="b">W. Heinemann,</subfield>
         <subfield code="c">1984, c1929.</subfield>
      </datafield>
      <datafield tag="300" ind1=" " ind2=" ">
         <subfield code="a">xvii, 348 p. ;</subfield>
         <subfield code="c">17 cm.</subfield>
      </datafield>
      <datafield tag="490" ind1="1" ind2=" ">
         <subfield code="a">The Loeb classical library.</subfield>
      </datafield>
      <datafield tag="546" ind1=" " ind2=" ">
         <subfield code="a">Parallel text in Latin and English with introduction and notes in English.</subfield>
      </datafield>
      <datafield tag="500" ind1=" " ind2=" ">
         <subfield code="a">"First published (with Florus) 1929" -- verso of title page.</subfield>
      </datafield>
      <datafield tag="504" ind1=" " ind2=" ">
         <subfield code="a">Includes bibliographical references and index.</subfield>
      </datafield>
      <datafield tag="530" ind1=" " ind2=" ">
         <subfield code="a">Also issued online.</subfield>
      </datafield>
      <datafield tag="505" ind1="0" ind2=" ">
         <subfield code="a">Book on the great generals of foreign nations -- Excerpt from the book on Latin historians -- Fragments.</subfield>
      </datafield>
      <datafield tag="650" ind1=" " ind2="0">
         <subfield code="a">Generals</subfield>
         <subfield code="z">Greece</subfield>
         <subfield code="v">Biography.</subfield>
      </datafield>
      <datafield tag="650" ind1=" " ind2="0">
         <subfield code="a">Generals</subfield>
         <subfield code="z">Tunisia</subfield>
         <subfield code="z">Carthage (Extinct city)</subfield>
         <subfield code="v">Biography.</subfield>
      </datafield>
      <datafield tag="650" ind1=" " ind2="0">
         <subfield code="a">Historians</subfield>
         <subfield code="z">Rome</subfield>
         <subfield code="v">Biography.</subfield>
      </datafield>
      <datafield tag="650" ind1="0" ind2="4">
         <subfield code="a">Generaller</subfield>
         <subfield code="z">Yunanistan</subfield>
         <subfield code="v">Biyografi.</subfield>
      </datafield>
      <datafield tag="650" ind1="0" ind2="4">
         <subfield code="a">Generaller</subfield>
         <subfield code="z">Tunus</subfield>
         <subfield code="z">Carthage (Antik şehir)</subfield>
         <subfield code="v">Biyografi.</subfield>
      </datafield>
      <datafield tag="650" ind1="0" ind2="4">
         <subfield code="a">Tarihçiler</subfield>
         <subfield code="z">Roma</subfield>
         <subfield code="v">Biyografi.</subfield>
      </datafield>
      <datafield tag="700" ind1="1" ind2=" ">
         <subfield code="a">Rolfe, John Carew,</subfield>
         <subfield code="d">1859-1943.</subfield>
      </datafield>
      <datafield tag="776" ind1="0" ind2="8">
         <subfield code="i">Online version:</subfield>
         <subfield code="a">Nepos, Cornelius.</subfield>
         <subfield code="t">Cornelius Nepos.</subfield>
         <subfield code="d">Cambridge, Mass. : Harvard University Press ; London : W. Heinemann, 1984, c1929</subfield>
         <subfield code="w">(OCoLC)692541943</subfield>
      </datafield>
      <datafield tag="830" ind1=" " ind2="0">
         <subfield code="a">Loeb classical library ;</subfield>
         <subfield code="v">467.</subfield>
      </datafield>
      <datafield tag="994" ind1=" " ind2=" ">
         <subfield code="a">Z0</subfield>
         <subfield code="b">ZYU</subfield>
      </datafield>
      <datafield tag="OWN" ind1=" " ind2=" ">
         <subfield code="a">GENERAL</subfield>
      </datafield>
      <datafield tag="AVA" ind1=" " ind2=" ">
         <subfield code="a">NYU50</subfield>
         <subfield code="b">NISAW</subfield>
         <subfield code="c">Reference 3 Collection</subfield>
         <subfield code="d">PA6156.N4 N4 1984</subfield>
         <subfield code="e">available</subfield>
         <subfield code="t">Available</subfield>
         <subfield code="f">1</subfield>
         <subfield code="g">0</subfield>
         <subfield code="h">N</subfield>
         <subfield code="i">0</subfield>
         <subfield code="j">REF3</subfield>
         <subfield code="k">0</subfield>
      </datafield>
      <marc:datafield tag="852" ind1=" " ind2=" ">
         <marc:subfield code="b">Institute for the Study of the Ancient World, </marc:subfield>
         <marc:subfield code="c">Reference 3 Collection</marc:subfield>
         <marc:subfield code="e">15 East 84th St., </marc:subfield>
         <marc:subfield code="e">New York, NY  10028</marc:subfield>
      </marc:datafield>
   </record>