
  
  
  
  
  
  
 
  
  <record xsi:schemaLocation="http://www.loc.gov/MARC21/slim http://www.loc.gov/standards/marcxml/schema/MARC21slim.xsd">
      <leader>00000cam a2200421 a 4500</leader>
      <controlfield tag="FMT">BK</controlfield>
      <controlfield tag="LDR">00000cam a2200421 a 4500</controlfield>
      <controlfield tag="001">002256756</controlfield>
      <controlfield tag="003">NNU</controlfield>
      <controlfield tag="005">20140804133912.0</controlfield>
      <controlfield tag="008">900830s1931    enk      b    001 0 eng d</controlfield>
      <datafield tag="010" ind1=" " ind2=" ">
         <subfield code="a">31022276</subfield>
      </datafield>
      <datafield tag="020" ind1=" " ind2=" ">
         <subfield code="a">9780674992788</subfield>
      </datafield>
      <datafield tag="035" ind1=" " ind2=" ">
         <subfield code="a">(CStRLIN)NYUG90-B36789</subfield>
      </datafield>
      <datafield tag="035" ind1=" " ind2=" ">
         <subfield code="a">GLIS008324837</subfield>
      </datafield>
      <datafield tag="035" ind1="9" ind2=" ">
         <subfield code="a">NYUb11333028</subfield>
      </datafield>
      <datafield tag="040" ind1=" " ind2=" ">
         <subfield code="c">PPT</subfield>
         <subfield code="d">PPT</subfield>
         <subfield code="d">NNU</subfield>
      </datafield>
      <datafield tag="041" ind1="1" ind2=" ">
         <subfield code="a">eng</subfield>
         <subfield code="a">lat</subfield>
         <subfield code="h">lat</subfield>
      </datafield>
      <datafield tag="050" ind1=" " ind2=" ">
         <subfield code="a">PA6156.C5</subfield>
         <subfield code="b">A4 1931</subfield>
         <subfield code="a">PA6279.A4W</subfield>
      </datafield>
      <datafield tag="050" ind1=" " ind2="4">
         <subfield code="a">PA6156.C6</subfield>
         <subfield code="b">C65 1931</subfield>
      </datafield>
      <datafield tag="090" ind1=" " ind2=" ">
         <subfield code="a">PA6156.C5</subfield>
         <subfield code="b">A4 1931</subfield>
         <subfield code="i">09/18/90 T</subfield>
         <subfield code="h">08/30/90 T</subfield>
      </datafield>
      <datafield tag="100" ind1="1" ind2=" ">
         <subfield code="a">Cicero, Marcus Tullius.</subfield>
      </datafield>
      <datafield tag="240" ind1="1" ind2="0">
         <subfield code="a">Speeches.</subfield>
         <subfield code="l">English &amp; Latin.</subfield>
         <subfield code="k">Selections</subfield>
      </datafield>
      <datafield tag="245" ind1="1" ind2="0">
         <subfield code="a">Pro T. Annio Milone ; In L. Calpurnium Pisonem ; Pro M. Aemilio Scauro ; Pro M. Fonteio ; Pro C. Rabirio Postumo ; Pro M. Marcello ; Pro Q. Ligario ; Pro rege Deitaro /</subfield>
         <subfield code="c">Cicero ; with an English translation by N.H. Watts.</subfield>
      </datafield>
      <datafield tag="246" ind1="3" ind2=" ">
         <subfield code="a">Pro Milone ; In Pisonem ; Pro Scauro ; Pro Fonteio ; Pro Rabirio Postumo ; Pro Marcello ; Pro Ligario ; Pro rege Deiotaro</subfield>
      </datafield>
      <datafield tag="246" ind1="3" ind2=" ">
         <subfield code="a">Speeches, with an English translation</subfield>
      </datafield>
      <datafield tag="246" ind1="3" ind2="0">
         <subfield code="a">In L. Calpurnium Pisonem</subfield>
      </datafield>
      <datafield tag="246" ind1="3" ind2="0">
         <subfield code="a">Pro M. Aemilio Scauro</subfield>
      </datafield>
      <datafield tag="246" ind1="3" ind2="0">
         <subfield code="a">Pro M. Fonteio</subfield>
      </datafield>
      <datafield tag="246" ind1="3" ind2="0">
         <subfield code="a">Pro C. Rabirio Postumo</subfield>
      </datafield>
      <datafield tag="246" ind1="3" ind2="0">
         <subfield code="a">Pro M. Marcello</subfield>
      </datafield>
      <datafield tag="246" ind1="3" ind2="0">
         <subfield code="a">Pro Q. Ligario</subfield>
      </datafield>
      <datafield tag="246" ind1="3" ind2="0">
         <subfield code="a">Pro rege Deitaro</subfield>
      </datafield>
      <datafield tag="246" ind1="3" ind2=" ">
         <subfield code="a">Cicero in twenty-eight volumes</subfield>
      </datafield>
      <datafield tag="260" ind1=" " ind2=" ">
         <subfield code="a">London :</subfield>
         <subfield code="b">W. Heinemann ;</subfield>
         <subfield code="a">New York :</subfield>
         <subfield code="b">G.P. Putnam,</subfield>
         <subfield code="c">1931.</subfield>
      </datafield>
      <datafield tag="300" ind1=" " ind2=" ">
         <subfield code="a">viii, 547 p. ;</subfield>
         <subfield code="c">17 cm.</subfield>
      </datafield>
      <datafield tag="490" ind1="1" ind2=" ">
         <subfield code="a">The Loeb classical library ;</subfield>
         <subfield code="v">252</subfield>
      </datafield>
      <datafield tag="490" ind1="1" ind2=" ">
         <subfield code="a">Cicero ;</subfield>
         <subfield code="v">14</subfield>
      </datafield>
      <datafield tag="546" ind1=" " ind2=" ">
         <subfield code="a">Latin and English on opposite pages.</subfield>
      </datafield>
      <datafield tag="500" ind1=" " ind2=" ">
         <subfield code="a">Issued with various printing dates.</subfield>
      </datafield>
      <datafield tag="500" ind1=" " ind2=" ">
         <subfield code="a">Imprint varies: Later printings issued by Harvard University Press, Cambridge, Mass. (either alone or jointly with W. Heinemann, London).</subfield>
      </datafield>
      <datafield tag="500" ind1=" " ind2=" ">
         <subfield code="a">Earlier printings have at head of t.p.: The speeches, with an English translation; later printings have: Cicero in twenty-eight volumes, XIV. The most recent printings lack both statements.</subfield>
      </datafield>
      <datafield tag="500" ind1=" " ind2=" ">
         <subfield code="a">Later printings have a text revised 1953, and ix, x, or xi prelim. pages.</subfield>
      </datafield>
      <datafield tag="500" ind1=" " ind2=" ">
         <subfield code="a">Later printings (1992- ) have title: Pro Milone ; In Pisonem ; Pro Scauro ; Pro Fonteio ; Pro Rabirio Postumo ; Pro Marcello ; Pro Ligario ; Pro rege Deiotaro.</subfield>
      </datafield>
      <datafield tag="504" ind1=" " ind2=" ">
         <subfield code="a">Includes bibliographical references and index.</subfield>
      </datafield>
      <datafield tag="700" ind1="1" ind2=" ">
         <subfield code="a">Watts, Nevile,</subfield>
         <subfield code="d">1884-</subfield>
      </datafield>
      <datafield tag="800" ind1="1" ind2=" ">
         <subfield code="a">Cicero, Marcus Tullius.</subfield>
         <subfield code="t">Works.</subfield>
         <subfield code="l">English &amp; Latin.</subfield>
         <subfield code="f">1912 ;</subfield>
         <subfield code="v">14.</subfield>
      </datafield>
      <datafield tag="830" ind1=" " ind2="0">
         <subfield code="a">Loeb classical library ;</subfield>
         <subfield code="v">252.</subfield>
      </datafield>
      <datafield tag="OWN" ind1=" " ind2=" ">
         <subfield code="a">GENERAL</subfield>
      </datafield>
      <datafield tag="AVA" ind1=" " ind2=" ">
         <subfield code="a">NYU52</subfield>
         <subfield code="b">NSHNG</subfield>
         <subfield code="c">Main Collection</subfield>
         <subfield code="d">PA6156.C5 A4 1992</subfield>
         <subfield code="e">available</subfield>
         <subfield code="t">Available</subfield>
         <subfield code="f">1</subfield>
         <subfield code="g">0</subfield>
         <subfield code="h">N</subfield>
         <subfield code="i">0</subfield>
         <subfield code="j">MAIN</subfield>
         <subfield code="k">0</subfield>
      </datafield>
      <datafield tag="AVA" ind1=" " ind2=" ">
         <subfield code="a">NYU51</subfield>
         <subfield code="b">NABUD</subfield>
         <subfield code="c">Loeb Collection</subfield>
         <subfield code="d">PA6278 .A2 1954 v.14</subfield>
         <subfield code="e">available</subfield>
         <subfield code="t">Available</subfield>
         <subfield code="f">1</subfield>
         <subfield code="g">0</subfield>
         <subfield code="h">N</subfield>
         <subfield code="i">0</subfield>
         <subfield code="j">LOEB</subfield>
         <subfield code="k">0</subfield>
      </datafield>
      <datafield tag="AVA" ind1=" " ind2=" ">
         <subfield code="a">NYU50</subfield>
         <subfield code="b">BOBST</subfield>
         <subfield code="c">1st Floor Reference - Study</subfield>
         <subfield code="d">PA3611 .A1 v.356 Non-circulating</subfield>
         <subfield code="e">available</subfield>
         <subfield code="t">Available</subfield>
         <subfield code="f">3</subfield>
         <subfield code="g">0</subfield>
         <subfield code="h">N</subfield>
         <subfield code="i">5</subfield>
         <subfield code="j">REF1S</subfield>
         <subfield code="k">0</subfield>
      </datafield>
      <datafield tag="AVA" ind1=" " ind2=" ">
         <subfield code="a">NYU50</subfield>
         <subfield code="b">NIFA</subfield>
         <subfield code="c">Classical</subfield>
         <subfield code="d">LOEB LATIN Non-circulating</subfield>
         <subfield code="e">available</subfield>
         <subfield code="t">Available</subfield>
         <subfield code="f">1</subfield>
         <subfield code="g">0</subfield>
         <subfield code="h">N</subfield>
         <subfield code="i">0</subfield>
         <subfield code="j">CLASS</subfield>
         <subfield code="k">0</subfield>
      </datafield>
      <datafield tag="AVA" ind1=" " ind2=" ">
         <subfield code="a">NYU50</subfield>
         <subfield code="b">NISAW</subfield>
         <subfield code="c">Reference 3 Collection</subfield>
         <subfield code="d">PA6156.C6 C65 1931</subfield>
         <subfield code="e">available</subfield>
         <subfield code="t">Available</subfield>
         <subfield code="f">1</subfield>
         <subfield code="g">0</subfield>
         <subfield code="h">N</subfield>
         <subfield code="i">0</subfield>
         <subfield code="j">REF3</subfield>
         <subfield code="k">0</subfield>
      </datafield>
      <marc:datafield tag="852" ind1=" " ind2=" ">
         <marc:subfield code="b">Institute for the Study of the Ancient World, </marc:subfield>
         <marc:subfield code="c">Reference 3 Collection</marc:subfield>
         <marc:subfield code="e">15 East 84th St., </marc:subfield>
         <marc:subfield code="e">New York, NY  10028</marc:subfield>
      </marc:datafield>
      <datafield tag="AVA" ind1=" " ind2=" ">
         <subfield code="a">NYU50</subfield>
         <subfield code="b">TNSFO</subfield>
         <subfield code="c">Main Collection</subfield>
         <subfield code="d">PA6156.C5 A4 1931</subfield>
         <subfield code="e">unavailable</subfield>
         <subfield code="t">Unavailable</subfield>
         <subfield code="f">2</subfield>
         <subfield code="g">2</subfield>
         <subfield code="h">N</subfield>
         <subfield code="i">0</subfield>
         <subfield code="j">MAIN</subfield>
         <subfield code="k">0</subfield>
      </datafield>
   </record>