
  
  
  
  
  
  
 
  
  <record xsi:schemaLocation="http://www.loc.gov/MARC21/slim http://www.loc.gov/standards/marcxml/schema/MARC21slim.xsd">
      <leader>00000cam a2200589 a 4500</leader>
      <controlfield tag="FMT">BK</controlfield>
      <controlfield tag="LDR">00000cam a2200589 a 4500</controlfield>
      <controlfield tag="001">004023919</controlfield>
      <controlfield tag="003">OCoLC</controlfield>
      <controlfield tag="005">20140805133656.0</controlfield>
      <controlfield tag="008">140805s2013    gw       b    000 0 ger</controlfield>
      <datafield tag="010" ind1=" " ind2=" ">
         <subfield code="a">2013368076</subfield>
      </datafield>
      <datafield tag="020" ind1=" " ind2=" ">
         <subfield code="a">9783170224292 (pbk.)</subfield>
      </datafield>
      <datafield tag="020" ind1=" " ind2=" ">
         <subfield code="a">3170224298 (pbk.)</subfield>
      </datafield>
      <datafield tag="035" ind1=" " ind2=" ">
         <subfield code="a">(OCoLC)827925018</subfield>
         <subfield code="z">(OCoLC)812253283</subfield>
      </datafield>
      <datafield tag="040" ind1=" " ind2=" ">
         <subfield code="a">DLC</subfield>
         <subfield code="b">eng</subfield>
         <subfield code="e">rda</subfield>
         <subfield code="c">DLC</subfield>
         <subfield code="d">BTCTA</subfield>
         <subfield code="d">OHX</subfield>
         <subfield code="d">OCLCO</subfield>
         <subfield code="d">INU</subfield>
         <subfield code="d">STF</subfield>
         <subfield code="d">OCLCQ</subfield>
         <subfield code="d">ZCU</subfield>
         <subfield code="d">OCLCO</subfield>
         <subfield code="d">HEBIS</subfield>
         <subfield code="d">OCLCF</subfield>
         <subfield code="d">NNU</subfield>
      </datafield>
      <datafield tag="042" ind1=" " ind2=" ">
         <subfield code="a">pcc</subfield>
      </datafield>
      <datafield tag="043" ind1=" " ind2=" ">
         <subfield code="a">az-----</subfield>
         <subfield code="a">as-----</subfield>
      </datafield>
      <datafield tag="050" ind1="0" ind2="0">
         <subfield code="a">BQ322</subfield>
         <subfield code="b">.B38 2013</subfield>
      </datafield>
      <datafield tag="072" ind1=" " ind2="7">
         <subfield code="a">BQ</subfield>
         <subfield code="2">lcco</subfield>
      </datafield>
      <datafield tag="082" ind1="0" ind2="4">
         <subfield code="a">294.309</subfield>
         <subfield code="2">23</subfield>
      </datafield>
      <datafield tag="100" ind1="1" ind2=" ">
         <subfield code="a">Bechert, Heinz,</subfield>
         <subfield code="d">1932-2005.</subfield>
      </datafield>
      <datafield tag="245" ind1="1" ind2="4">
         <subfield code="a">Der Buddhismus in Süd- und Südostasien :</subfield>
         <subfield code="b">Geschichte und Gegenwart /</subfield>
         <subfield code="c">Heinz Bechert ; herausgegeben von Ernst Steinkellner.</subfield>
      </datafield>
      <datafield tag="300" ind1=" " ind2=" ">
         <subfield code="a">307 pages ;</subfield>
         <subfield code="c">23 cm</subfield>
      </datafield>
      <datafield tag="336" ind1=" " ind2=" ">
         <subfield code="a">text</subfield>
         <subfield code="b">txt</subfield>
         <subfield code="2">rdacontent</subfield>
      </datafield>
      <datafield tag="337" ind1=" " ind2=" ">
         <subfield code="a">unmediated</subfield>
         <subfield code="b">n</subfield>
         <subfield code="2">rdamedia</subfield>
      </datafield>
      <datafield tag="338" ind1=" " ind2=" ">
         <subfield code="a">volume</subfield>
         <subfield code="b">nc</subfield>
         <subfield code="2">rdacarrier</subfield>
      </datafield>
      <datafield tag="504" ind1=" " ind2=" ">
         <subfield code="a">Includes bibliographical references (pages 297-307).</subfield>
      </datafield>
      <datafield tag="505" ind1="0" ind2="0">
         <subfield code="g">Einleitung : der Buddhismus : eine Weltreligion --</subfield>
         <subfield code="t">Frühe Begegnungen des Buddhismus mit dem Abendland --</subfield>
         <subfield code="t">Vorgeschichte des Buddhismus in Indien : die vedische Tradtion --</subfield>
         <subfield code="t">Die Anfänge der modernen Buddhismus-Forschung --</subfield>
         <subfield code="t">Grundlagen des frühen Buddhismus : der historische Buddha und seine Lehre --</subfield>
         <subfield code="t">Vier Heilige Wahrheiten --</subfield>
         <subfield code="t">Ethik --</subfield>
         <subfield code="t">Meditation --</subfield>
         <subfield code="t">Nirvānạ --</subfield>
         <subfield code="t">Kosmologie --</subfield>
         <subfield code="t">Der Orden der buddhistischen Mönche und Nonnen --</subfield>
         <subfield code="t">Die buddhistischen Laien --</subfield>
         <subfield code="t">Anfänge der buddhistischen Literatur und Diversifikation im frühen Buddhismus --</subfield>
         <subfield code="t">Heilige Texte in buddhistischer Überlieferung --</subfield>
         <subfield code="t">Anfänge der buddhistischen Textüberlieferung --</subfield>
         <subfield code="t">Der Begriff "nikāya" --</subfield>
         <subfield code="t">Ordensspaltung (sang̣habheda) und Nikāya-Gliederung (nikāyabhedd) --</subfield>
         <subfield code="t">Der Ursprung der frühen Nikāyas : Vinaya-Schulen und dogmatische Schulen --</subfield>
         <subfield code="t">Aśoka, die erste Reform des Saṅgha und die Anfänge der buddhistischen Weltmission --</subfield>
         <subfield code="t">Aśoka und die Anfänge der buddhistischen Weltmission --</subfield>
      </datafield>
      <datafield tag="505" ind1="0" ind2="0">
         <subfield code="9"/>
         <subfield code="t">Die uposatha-Feier im Edikt von Sarnath --</subfield>
         <subfield code="t">Beseitigung des saṅghabheda --</subfield>
         <subfield code="t">Die Bedeutung des Ediktes --</subfield>
         <subfield code="t">Die ceylonesischen Berichte von der Ordensreinigung des Aśoka --</subfield>
         <subfield code="t">Die Religionssoziologische Buddhismus-Interpretation Max Webers --</subfield>
         <subfield code="t">Die Kommentatoren und die Anfänge der buddhistischen Historiographie in Sri Lanka --</subfield>
         <subfield code="t">Die Datierung des Buddha : ein Problem der Weltgeschichte --</subfield>
         <subfield code="t">Der traditionelle Theravāda-Buddhismus in Sri Lanka und Südostasien --</subfield>
         <subfield code="t">Die Rechtsverhältnisse der Klöster in Sri Lanka --</subfield>
         <subfield code="t">Theravāda-Buddhismus und Volksreligion --</subfield>
         <subfield code="t">"Große" und "Kleine" Tradition --</subfield>
         <subfield code="t">"Volksreligion" in Sri Lanka --</subfield>
         <subfield code="t">Überblick über die Entwicklung des indischen Mahāyāna-Buddhismus --</subfield>
         <subfield code="t">Tantrismus --</subfield>
         <subfield code="t">Schaktistischer Tantrismus --</subfield>
         <subfield code="t">Der Untergang des indischen Buddhismus --</subfield>
         <subfield code="t">Buddhistischer Modernismus und Buddhismus in der modernen Welt --</subfield>
         <subfield code="t">Der Niedergang des Buddhismus und die Auswirkungen des Kolonialismus --</subfield>
      </datafield>
      <datafield tag="505" ind1="0" ind2="0">
         <subfield code="9"/>
         <subfield code="t">Die Anfänge des abendländischen Buddhismus --</subfield>
         <subfield code="t">Der buddhistische Modernismus im internationalen Rahmen --</subfield>
         <subfield code="t">Die Wiederbelebung des Buddhismus in Indien --</subfield>
         <subfield code="t">Das Wiederaufleben des Buddhismus in Indonesien --</subfield>
         <subfield code="t">Buddhismus in Deutschland --</subfield>
         <subfield code="t">Buddhismus in England --</subfield>
         <subfield code="t">Buddhismus in den Vereinigten Staaten --</subfield>
         <subfield code="t">Die internationale buddhistische Bewegung --</subfield>
         <subfield code="t">Neue Entwicklungen im Theravāda Birmas und Thailands --</subfield>
         <subfield code="t">Einleitende Bemerkungen --</subfield>
         <subfield code="t">Der Sang̣ha in der traditionellen Gesellschaft Birmas --</subfield>
         <subfield code="t">Der Saṅgha im unabhängigen Birma --</subfield>
         <subfield code="t">Die Saṅgha-Reform von 1980 und ihre Folgen --</subfield>
         <subfield code="t">Neueste Entwicklung in Birma --</subfield>
         <subfield code="t">Die Stellung des SaṄgha in Thailand --</subfield>
         <subfield code="t">Widersprüche im modernen Saṅgha Thailands --</subfield>
         <subfield code="t">Suan Mokh und Buddhadāsa --</subfield>
         <subfield code="t">Dhammakāy --</subfield>
         <subfield code="t">Santi Asoke --</subfield>
         <subfield code="t">Theravāda-Minderheiten --</subfield>
         <subfield code="t">Überblick --</subfield>
         <subfield code="t">Ethnographische Vorbemerkungen --</subfield>
         <subfield code="t">Geschichtliche Entwicklungen --</subfield>
         <subfield code="t">Die Geschichte der Cākmās --</subfield>
         <subfield code="t">Tibetische Quellen --</subfield>
         <subfield code="t">Die Religion der Cākmās vor 1856 --</subfield>
      </datafield>
      <datafield tag="505" ind1="0" ind2="0">
         <subfield code="9"/>
         <subfield code="t">Die Reform des bengalischen Saṅgha --</subfield>
         <subfield code="g">Ausblick --</subfield>
         <subfield code="g">Rückblick und Ausblick --</subfield>
         <subfield code="g">Bibliographie.</subfield>
      </datafield>
      <datafield tag="650" ind1=" " ind2="0">
         <subfield code="a">Buddhism</subfield>
         <subfield code="z">South Asia</subfield>
         <subfield code="x">History.</subfield>
      </datafield>
      <datafield tag="650" ind1=" " ind2="0">
         <subfield code="a">Buddhism</subfield>
         <subfield code="z">Southeast Asia</subfield>
         <subfield code="x">History.</subfield>
      </datafield>
      <datafield tag="650" ind1=" " ind2="7">
         <subfield code="a">Buddhismus</subfield>
         <subfield code="0">(DE-588)4008690-2</subfield>
         <subfield code="0">(DE-603)085015237</subfield>
         <subfield code="2">gnd</subfield>
      </datafield>
      <datafield tag="651" ind1=" " ind2="7">
         <subfield code="a">Südasien</subfield>
         <subfield code="0">(DE-588)4058406-9</subfield>
         <subfield code="0">(DE-603)085162027</subfield>
         <subfield code="2">gnd</subfield>
      </datafield>
      <datafield tag="651" ind1=" " ind2="7">
         <subfield code="a">Südostasien</subfield>
         <subfield code="0">(DE-588)4058448-3</subfield>
         <subfield code="0">(DE-603)085162272</subfield>
         <subfield code="2">gnd</subfield>
      </datafield>
      <datafield tag="650" ind1=" " ind2="7">
         <subfield code="a">Buddhism.</subfield>
         <subfield code="2">fast</subfield>
         <subfield code="0">(OCoLC)fst00840028</subfield>
      </datafield>
      <datafield tag="651" ind1=" " ind2="7">
         <subfield code="a">South Asia.</subfield>
         <subfield code="2">fast</subfield>
         <subfield code="0">(OCoLC)fst01244520</subfield>
      </datafield>
      <datafield tag="651" ind1=" " ind2="7">
         <subfield code="a">Southeast Asia.</subfield>
         <subfield code="2">fast</subfield>
         <subfield code="0">(OCoLC)fst01240499</subfield>
      </datafield>
      <datafield tag="655" ind1=" " ind2="7">
         <subfield code="a">History.</subfield>
         <subfield code="2">fast</subfield>
         <subfield code="0">(OCoLC)fst01411628</subfield>
      </datafield>
      <datafield tag="700" ind1="1" ind2=" ">
         <subfield code="a">Steinkellner, Ernst.</subfield>
      </datafield>
      <datafield tag="994" ind1=" " ind2=" ">
         <subfield code="a">Z0</subfield>
         <subfield code="b">ZYU</subfield>
      </datafield>
      <datafield tag="OWN" ind1=" " ind2=" ">
         <subfield code="a">GENERAL</subfield>
      </datafield>
      <datafield tag="AVA" ind1=" " ind2=" ">
         <subfield code="a">NYU50</subfield>
         <subfield code="b">NISAW</subfield>
         <subfield code="c">Small Collection</subfield>
         <subfield code="d">BQ322 .B38 2013</subfield>
         <subfield code="e">available</subfield>
         <subfield code="t">Available</subfield>
         <subfield code="f">1</subfield>
         <subfield code="g">0</subfield>
         <subfield code="h">N</subfield>
         <subfield code="i">0</subfield>
         <subfield code="j">SMALL</subfield>
         <subfield code="k">0</subfield>
      </datafield>
      <marc:datafield tag="852" ind1=" " ind2=" ">
         <marc:subfield code="b">Institute for the Study of the Ancient World, </marc:subfield>
         <marc:subfield code="c">Small Collection</marc:subfield>
         <marc:subfield code="e">15 East 84th St., </marc:subfield>
         <marc:subfield code="e">New York, NY  10028</marc:subfield>
      </marc:datafield>
   </record>