
  
  
  
  
  
  
  
 
  
  <record xsi:schemaLocation="http://www.loc.gov/MARC21/slim http://www.loc.gov/standards/marcxml/schema/MARC21slim.xsd">
      <leader>00000cam a2200241 a 4500</leader>
      <controlfield tag="FMT">BK</controlfield>
      <controlfield tag="LDR">00000cam a2200241 a 4500</controlfield>
      <controlfield tag="001">003722089</controlfield>
      <controlfield tag="005">20140805132709.0</controlfield>
      <controlfield tag="008">700415s1968    sz a|||  b    000 0 eng</controlfield>
      <datafield tag="010" ind1=" " ind2=" ">
         <subfield code="a">78365374 //r84</subfield>
      </datafield>
      <datafield tag="035" ind1="9" ind2=" ">
         <subfield code="a">(hslkohaq)000012134</subfield>
      </datafield>
      <datafield tag="035" ind1="9" ind2=" ">
         <subfield code="a">(NNUMk)15263</subfield>
      </datafield>
      <datafield tag="040" ind1=" " ind2=" ">
         <subfield code="a">DLC</subfield>
         <subfield code="c">DLC</subfield>
         <subfield code="d">m.c.</subfield>
         <subfield code="d">VVU</subfield>
         <subfield code="d">NNU</subfield>
      </datafield>
      <datafield tag="050" ind1=" " ind2="4">
         <subfield code="a">R126.G8</subfield>
         <subfield code="b">S5 1968</subfield>
      </datafield>
      <datafield tag="090" ind1=" " ind2=" ">
         <subfield code="a">R126.G8</subfield>
         <subfield code="b">S5</subfield>
      </datafield>
      <datafield tag="100" ind1="1" ind2=" ">
         <subfield code="a">Siegel, Rudolph E.</subfield>
      </datafield>
      <datafield tag="245" ind1="1" ind2="0">
         <subfield code="a">Galen's system of physiology and medicine :</subfield>
         <subfield code="b">an analysis of his doctrines and observations on bloodflow, respiration, humors and internal diseases /</subfield>
         <subfield code="c">[by] Rudolph E. Siegel.</subfield>
      </datafield>
      <datafield tag="260" ind1=" " ind2=" ">
         <subfield code="a">Basel ;</subfield>
         <subfield code="a">New York :</subfield>
         <subfield code="b">Karger,</subfield>
         <subfield code="c">1968.</subfield>
      </datafield>
      <datafield tag="300" ind1=" " ind2=" ">
         <subfield code="a">[xii], 419 p. :</subfield>
         <subfield code="b">ill. ;</subfield>
         <subfield code="c">25 cm.</subfield>
      </datafield>
      <datafield tag="504" ind1=" " ind2=" ">
         <subfield code="a">Includes bibliographical references (p. [383]-394) and indexes.</subfield>
      </datafield>
      <datafield tag="600" ind1="0" ind2="0">
         <subfield code="a">Galen.</subfield>
      </datafield>
      <datafield tag="650" ind1=" " ind2="0">
         <subfield code="a">Medicine, Greek and Roman.</subfield>
      </datafield>
      <datafield tag="999" ind1=" " ind2=" ">
         <subfield code="c">15263</subfield>
         <subfield code="d">15263</subfield>
      </datafield>
      <datafield tag="OWN" ind1=" " ind2=" ">
         <subfield code="a">GENERAL</subfield>
      </datafield>
      <datafield tag="049" ind1=" " ind2=" ">
         <subfield code="a">VVUC</subfield>
      </datafield>
      <datafield tag="350" ind1=" " ind2=" ">
         <subfield code="a">98.00</subfield>
      </datafield>
      <datafield tag="942" ind1=" " ind2=" ">
         <subfield code="2">lcc</subfield>
         <subfield code="#">31222</subfield>
         <subfield code="d">1991-07-12</subfield>
         <subfield code="p">35090000224600</subfield>
      </datafield>
      <datafield tag="952" ind1=" " ind2=" ">
         <subfield code="w">2009-09-12</subfield>
         <subfield code="#">34011</subfield>
         <subfield code="p">35090000224600</subfield>
         <subfield code="r">2010-11-29</subfield>
         <subfield code="4">0</subfield>
         <subfield code="0">0</subfield>
         <subfield code="6">R_00126_G8S5</subfield>
         <subfield code="9">71644</subfield>
         <subfield code="m">2</subfield>
         <subfield code="1">0</subfield>
         <subfield code="o">R126.G8S5</subfield>
         <subfield code="d">1991-07-12</subfield>
         <subfield code="8">BOOK</subfield>
         <subfield code="7">0</subfield>
         <subfield code="c">LOCK</subfield>
         <subfield code="y">GEN</subfield>
         <subfield code="s">2010-09-16</subfield>
         <subfield code="l">3</subfield>
         <subfield code="a">MED</subfield>
      </datafield>
      <datafield tag="AVA" ind1=" " ind2=" ">
         <subfield code="a">NYU50</subfield>
         <subfield code="b">NHMED</subfield>
         <subfield code="c">Locked Cases</subfield>
         <subfield code="d">R126.G8 S5</subfield>
         <subfield code="e">available</subfield>
         <subfield code="t">Available</subfield>
         <subfield code="f">1</subfield>
         <subfield code="g">0</subfield>
         <subfield code="h">N</subfield>
         <subfield code="i">0</subfield>
         <subfield code="j">LOCK</subfield>
         <subfield code="k">0</subfield>
      </datafield>
      <datafield tag="AVA" ind1=" " ind2=" ">
         <subfield code="a">NYU50</subfield>
         <subfield code="b">NISAW</subfield>
         <subfield code="c">Small Collection</subfield>
         <subfield code="d">R126.G8 S5 1968</subfield>
         <subfield code="e">available</subfield>
         <subfield code="t">Available</subfield>
         <subfield code="f">1</subfield>
         <subfield code="g">0</subfield>
         <subfield code="h">N</subfield>
         <subfield code="i">0</subfield>
         <subfield code="j">SMALL</subfield>
         <subfield code="k">0</subfield>
      </datafield>
      <marc:datafield tag="852" ind1=" " ind2=" ">
         <marc:subfield code="b">Institute for the Study of the Ancient World, </marc:subfield>
         <marc:subfield code="c">Small Collection</marc:subfield>
         <marc:subfield code="e">15 East 84th St., </marc:subfield>
         <marc:subfield code="e">New York, NY  10028</marc:subfield>
      </marc:datafield>
   </record>