
  
  
  
  
  
 
  
  <record xsi:schemaLocation="http://www.loc.gov/MARC21/slim http://www.loc.gov/standards/marcxml/schema/MARC21slim.xsd">
      <leader>00000cam  2200469 a 4500</leader>
      <controlfield tag="FMT">BK</controlfield>
      <controlfield tag="LDR">00000cam  2200469 a 4500</controlfield>
      <controlfield tag="001">004024023</controlfield>
      <controlfield tag="003">OCoLC</controlfield>
      <controlfield tag="005">20140806103704.0</controlfield>
      <controlfield tag="008">140806s2010    cc abf   b    000 0 chi d</controlfield>
      <datafield tag="010" ind1=" " ind2=" ">
         <subfield code="a">2010405187</subfield>
      </datafield>
      <datafield tag="020" ind1=" " ind2=" ">
         <subfield code="a">9787030262721</subfield>
      </datafield>
      <datafield tag="020" ind1=" " ind2=" ">
         <subfield code="a">7030262727</subfield>
      </datafield>
      <datafield tag="035" ind1=" " ind2=" ">
         <subfield code="a">(OCoLC)698027481</subfield>
      </datafield>
      <datafield tag="040" ind1=" " ind2=" ">
         <subfield code="a">CU</subfield>
         <subfield code="b">eng</subfield>
         <subfield code="c">CUY</subfield>
         <subfield code="d">DLC</subfield>
         <subfield code="d">NNU</subfield>
      </datafield>
      <datafield tag="042" ind1=" " ind2=" ">
         <subfield code="a">lccopycat</subfield>
      </datafield>
      <datafield tag="043" ind1=" " ind2=" ">
         <subfield code="a">a-cc-pe</subfield>
      </datafield>
      <datafield tag="050" ind1="0" ind2="0">
         <subfield code="a">DS795.4.S55</subfield>
         <subfield code="b">L84 2010</subfield>
      </datafield>
      <datafield tag="066" ind1=" " ind2=" ">
         <subfield code="c">$1</subfield>
      </datafield>
      <datafield tag="245" ind1="0" ind2="0">
         <subfield code="6">880-01</subfield>
         <subfield code="a">Lugu Jin dai Lü shi jia zu mu zang fa jue bao gao /</subfield>
         <subfield code="c">Beijing Shi wen wu yan jiu suo bian zhu.</subfield>
      </datafield>
      <datafield tag="250" ind1=" " ind2=" ">
         <subfield code="6">880-02</subfield>
         <subfield code="a">Di 1 ban.</subfield>
      </datafield>
      <datafield tag="260" ind1=" " ind2=" ">
         <subfield code="6">880-03</subfield>
         <subfield code="a">Beijing :</subfield>
         <subfield code="b">Ke xue chu ban she,</subfield>
         <subfield code="c">2010.</subfield>
      </datafield>
      <datafield tag="300" ind1=" " ind2=" ">
         <subfield code="a">ix, 230 p., 23, 9 p. of plates :</subfield>
         <subfield code="b">ill. (some col.), maps (1 folded) ;</subfield>
         <subfield code="c">30 cm.</subfield>
      </datafield>
      <datafield tag="490" ind1="0" ind2=" ">
         <subfield code="6">880-04</subfield>
         <subfield code="a">Beijing wen wu yu kao gu xi lie cong shu</subfield>
      </datafield>
      <datafield tag="504" ind1=" " ind2=" ">
         <subfield code="a">Includes bibliographical references.</subfield>
      </datafield>
      <datafield tag="520" ind1=" " ind2=" ">
         <subfield code="6">880-05</subfield>
         <subfield code="a">Ben shu wei 2007 nian Beijing Shi Shijingshan Qu Lu Gu Jin dai Lü shi jia zu mu di ji Qing dai mu zang de kau gu fa jue bao gao. Fa jue zong mian ji yue wei 1240 ping fang mi, gong qing li le gu dai mu zang 62 zuo, qi zhong Jin dai mu zang 10 zuo, Qing dai mu zang 52 zuo. Chu tu wan zheng huo ke fu yuan de tao qi, gong qi, tie qi, jin qi, yin qi, gu qi, ci qi, liao qi deng gong ji 200 yu jian (zu), ji bu tong shi qi de tong qian 100 yu mei. Jin dai mu zang wei shu xue tong kuang shi chun mu, jun wei huo zang, chu tu le 7 jian jing mei de ci qi, bing fa xiang mu zhi liang he. Ju mu zhi ji zai, Lugu di qu wei Liao Jin shi qi Yan di han ren da zu--Lü shi ji zu de mu di. Ci chu mu di de fa xian wei liao jie, yan jiu Beijing Diqu Liao Jin shi qi de li shi, she hui, zheng zhi, xi su deng fang mian de qing kuang you zhe jie wei zhong yao de jia zhi.</subfield>
      </datafield>
      <datafield tag="651" ind1=" " ind2="0">
         <subfield code="a">Shijingshan Qu (Beijing, China)</subfield>
         <subfield code="6">880-06</subfield>
         <subfield code="x">Antiquities.</subfield>
      </datafield>
      <datafield tag="651" ind1=" " ind2="0">
         <subfield code="a">Beijing (China)</subfield>
         <subfield code="6">880-07</subfield>
         <subfield code="x">Antiquities.</subfield>
      </datafield>
      <datafield tag="650" ind1=" " ind2="0">
         <subfield code="a">Excavations (Archaeology)</subfield>
         <subfield code="z">China</subfield>
         <subfield code="z">Beijing.</subfield>
      </datafield>
      <datafield tag="600" ind1="3" ind2="0">
         <subfield code="a">Lu family</subfield>
         <subfield code="x">Tombs</subfield>
         <subfield code="z">China</subfield>
         <subfield code="z">Beijing.</subfield>
      </datafield>
      <datafield tag="710" ind1="2" ind2=" ">
         <subfield code="a">Beijing Shi wen wu yan jiu suo</subfield>
         <subfield code="6">880-08</subfield>
      </datafield>
      <datafield tag="880" ind1="0" ind2="0">
         <subfield code="6">245-01/</subfield>
         <subfield code="a">鲁谷金代吕氏家族墓葬发掘报告 /</subfield>
         <subfield code="c">北京市文物研究所编著.</subfield>
      </datafield>
      <datafield tag="880" ind1=" " ind2=" ">
         <subfield code="6">250-02/</subfield>
         <subfield code="a">第1版.</subfield>
      </datafield>
      <datafield tag="880" ind1=" " ind2=" ">
         <subfield code="6">260-03/</subfield>
         <subfield code="a">北京 :</subfield>
         <subfield code="b">科学出版社,</subfield>
         <subfield code="c">2010.</subfield>
      </datafield>
      <datafield tag="880" ind1="0" ind2=" ">
         <subfield code="6">490-04/</subfield>
         <subfield code="a">北京文物与考古系列丛书</subfield>
      </datafield>
      <datafield tag="880" ind1=" " ind2=" ">
         <subfield code="6">520-05/</subfield>
         <subfield code="a">本书为2007年北京市石景山区鲁谷金代吕氏家族墓地及清代墓葬的考古发掘报告. 发掘总面积约为1240平方米, 共清理了古代墓葬62座, 其中金代墓葬10座、清代墓葬52座. 出土完整或可复原的陶器、铜器、铁器、金器、银器、骨器、瓷器、料器等共计200余件（组）, 及不同时期的铜钱100余枚. 金代墓葬为竖穴土圹石椁墓, 均为火葬, 出土了7件精美的瓷器, 并发现墓志两合. 据墓志记载, 鲁谷地区为辽金时期燕地汉人大族--吕氏家族的墓地. 此处墓地的发现为了解、研究北京地区辽金时期的历史、社会、政治、习俗等方面的情况有着极为重要的价值.</subfield>
      </datafield>
      <datafield tag="880" ind1=" " ind2="4">
         <subfield code="6">651-06/</subfield>
         <subfield code="a">石景山区 (Beijing, China)</subfield>
         <subfield code="x">Antiquities.</subfield>
      </datafield>
      <datafield tag="880" ind1=" " ind2="4">
         <subfield code="6">651-07/</subfield>
         <subfield code="a">北京 (China)</subfield>
         <subfield code="x">Antiquities.</subfield>
      </datafield>
      <datafield tag="880" ind1="2" ind2=" ">
         <subfield code="6">710-08/</subfield>
         <subfield code="a">北京市文物研究所.</subfield>
      </datafield>
      <datafield tag="994" ind1=" " ind2=" ">
         <subfield code="a">Z0</subfield>
         <subfield code="b">ZYU</subfield>
      </datafield>
      <datafield tag="OWN" ind1=" " ind2=" ">
         <subfield code="a">GENERAL</subfield>
      </datafield>
      <datafield tag="AVA" ind1=" " ind2=" ">
         <subfield code="a">NYU50</subfield>
         <subfield code="b">NISAW</subfield>
         <subfield code="c">Large Collection</subfield>
         <subfield code="d">DS795.4.S55 L84 2010</subfield>
         <subfield code="e">available</subfield>
         <subfield code="t">Available</subfield>
         <subfield code="f">1</subfield>
         <subfield code="g">0</subfield>
         <subfield code="h">N</subfield>
         <subfield code="i">0</subfield>
         <subfield code="j">LARGE</subfield>
         <subfield code="k">0</subfield>
      </datafield>
      <marc:datafield tag="852" ind1=" " ind2=" ">
         <marc:subfield code="b">Institute for the Study of the Ancient World, </marc:subfield>
         <marc:subfield code="c">Large Collection</marc:subfield>
         <marc:subfield code="e">15 East 84th St., </marc:subfield>
         <marc:subfield code="e">New York, NY  10028</marc:subfield>
      </marc:datafield>
   </record>