
  
  
  
  
  
  
 
  
  <record xsi:schemaLocation="http://www.loc.gov/MARC21/slim http://www.loc.gov/standards/marcxml/schema/MARC21slim.xsd">
      <leader>00000cam a2200709 a 4500</leader>
      <controlfield tag="FMT">BK</controlfield>
      <controlfield tag="LDR">00000cam a2200709 a 4500</controlfield>
      <controlfield tag="001">004024409</controlfield>
      <controlfield tag="003">OCoLC</controlfield>
      <controlfield tag="005">20140807153357.0</controlfield>
      <controlfield tag="008">140807s2008    fr af    b    101 0 fre d</controlfield>
      <datafield tag="010" ind1=" " ind2=" ">
         <subfield code="a">2009451990</subfield>
      </datafield>
      <datafield tag="020" ind1=" " ind2=" ">
         <subfield code="a">9782701802503</subfield>
      </datafield>
      <datafield tag="020" ind1=" " ind2=" ">
         <subfield code="a">2701802504</subfield>
      </datafield>
      <datafield tag="035" ind1=" " ind2=" ">
         <subfield code="a">(OCoLC)317588146</subfield>
      </datafield>
      <datafield tag="040" ind1=" " ind2=" ">
         <subfield code="a">TZT</subfield>
         <subfield code="b">eng</subfield>
         <subfield code="c">TZT</subfield>
         <subfield code="d">DLC</subfield>
         <subfield code="d">AUXAM</subfield>
         <subfield code="d">CGU</subfield>
         <subfield code="d">C3L</subfield>
         <subfield code="d">GEBAY</subfield>
         <subfield code="d">OCLCO</subfield>
         <subfield code="d">OCLCQ</subfield>
         <subfield code="d">NNU</subfield>
      </datafield>
      <datafield tag="041" ind1="0" ind2=" ">
         <subfield code="a">fre</subfield>
         <subfield code="a">eng</subfield>
         <subfield code="a">ger</subfield>
         <subfield code="a">ita</subfield>
         <subfield code="b">eng</subfield>
         <subfield code="b">fre</subfield>
         <subfield code="b">ger</subfield>
         <subfield code="b">ita</subfield>
      </datafield>
      <datafield tag="043" ind1=" " ind2=" ">
         <subfield code="a">f-ua---</subfield>
      </datafield>
      <datafield tag="050" ind1="0" ind2="0">
         <subfield code="a">PA3968.D62</subfield>
         <subfield code="b">C64 2005</subfield>
      </datafield>
      <datafield tag="072" ind1=" " ind2="7">
         <subfield code="a">D</subfield>
         <subfield code="2">lcco</subfield>
      </datafield>
      <datafield tag="111" ind1="2" ind2=" ">
         <subfield code="a">Colloque de Strasbourg</subfield>
         <subfield code="d">(2005 :</subfield>
         <subfield code="c">Strasbourg, France)</subfield>
      </datafield>
      <datafield tag="245" ind1="1" ind2="4">
         <subfield code="a">Les archives de Dioscore d'Aphrodité cent ans après leur découverte :</subfield>
         <subfield code="b">histoire et culture dans l'Egypte byzantine : actes du Colloque de Strasbourg, 8-10 décembre 2005 /</subfield>
         <subfield code="c">édités par Jean-Luc Fournet ; avec la collaboration de Caroline Magdelaine.</subfield>
      </datafield>
      <datafield tag="260" ind1=" " ind2=" ">
         <subfield code="a">Paris :</subfield>
         <subfield code="b">De Boccard,</subfield>
         <subfield code="c">2008.</subfield>
      </datafield>
      <datafield tag="300" ind1=" " ind2=" ">
         <subfield code="a">384 pages :</subfield>
         <subfield code="b">illustrations ;</subfield>
         <subfield code="c">24 cm.</subfield>
      </datafield>
      <datafield tag="336" ind1=" " ind2=" ">
         <subfield code="a">text</subfield>
         <subfield code="b">txt</subfield>
         <subfield code="2">rdacontent</subfield>
      </datafield>
      <datafield tag="337" ind1=" " ind2=" ">
         <subfield code="a">unmediated</subfield>
         <subfield code="b">n</subfield>
         <subfield code="2">rdamedia</subfield>
      </datafield>
      <datafield tag="338" ind1=" " ind2=" ">
         <subfield code="a">volume</subfield>
         <subfield code="b">nc</subfield>
         <subfield code="2">rdacarrier</subfield>
      </datafield>
      <datafield tag="490" ind1="1" ind2=" ">
         <subfield code="a">Collections de l'Université Marc Bloch--Strasbourg. Etudes d'archéologie et d'histoire ancienne,</subfield>
         <subfield code="x">1284-6325</subfield>
      </datafield>
      <datafield tag="546" ind1=" " ind2=" ">
         <subfield code="a">In French, English, German and Italian; résumés in French, English, German and Italian.</subfield>
      </datafield>
      <datafield tag="504" ind1=" " ind2=" ">
         <subfield code="a">Includes bibliographical references and index.</subfield>
      </datafield>
      <datafield tag="505" ind1="0" ind2="0">
         <subfield code="t">Archive ou archives de Dioscore? Les dernières années des "archives de Dioscure" /</subfield>
         <subfield code="r">Jean-Luc Fournet --</subfield>
         <subfield code="t">Ruolo di Dioscoro nella storia della poesia tardoantica /</subfield>
         <subfield code="r">Gianfranco Agosti --</subfield>
         <subfield code="t">Applied linguistics approach to Dioscorus' Homeric glossary and poetic corpus /</subfield>
         <subfield code="r">Gregg W. Schwendner --</subfield>
         <subfield code="t">Du copte dans les archives d'Apollôs /</subfield>
         <subfield code="r">Anne Boud'hors --</subfield>
         <subfield code="t">Dioscore et la question du bilinguisme dans l'Égypte du VIe siècle /</subfield>
         <subfield code="r">Arietta Papaconstantinou --</subfield>
         <subfield code="t">Scritture di Dioscoro /</subfield>
         <subfield code="r">Lucio del Corso --</subfield>
         <subfield code="t">Dioskoros and the law (on succession): Lex Falcidia revisited /</subfield>
         <subfield code="r">Jakub Urbanik --</subfield>
         <subfield code="t">Witness subscriptions in documents from the Dioscorus Archive /</subfield>
         <subfield code="r">Klaas A. Worp --</subfield>
         <subfield code="t">Factions and social distance in sixth-century Aphrodito /</subfield>
         <subfield code="r">Giovanni Ruffini --</subfield>
         <subfield code="t">"Tormented Voices": P.Cair.Masp. I 67002 /</subfield>
         <subfield code="r">James G. Keegan --</subfield>
         <subfield code="t">Village landholding at Aphrodito in comparative perspective /</subfield>
         <subfield code="r">Roger S. Bagnall --</subfield>
         <subfield code="t">Ktêtores, les syntelestai et l'impôt /</subfield>
         <subfield code="r">Miroslava Mirković --</subfield>
         <subfield code="t">Dioskoros und die Staatlichen Autoritäten /</subfield>
         <subfield code="r">Bernhard Palme --</subfield>
         <subfield code="t">Zwischen Poesie und Geschichte: die "flagornerie" des Dioskoros und der dreifache Dux Athanasios /</subfield>
         <subfield code="r">Fecerico Morelli --</subfield>
         <subfield code="t">Dioskoros-Archiv und die militärischen Reformen Justinians in der Thebais /</subfield>
         <subfield code="r">(Fritz Mitthof) --</subfield>
         <subfield code="t">Monastère d'Apa Apollôs: un cas typique ou un cas exceptionnel? /</subfield>
         <subfield code="r">Ewa Wipszycka --</subfield>
         <subfield code="t">Pachômiens à Aphrodité /</subfield>
         <subfield code="r">Jean Gascou --</subfield>
         <subfield code="t">Annexe 1. Les papyrus des archives de Dioscore à Strasbourg /</subfield>
         <subfield code="r">Jean-Luc Fournet --</subfield>
         <subfield code="t">Annexe 2. Liste des papyrus édités de l'Aphrodité byzantine /</subfield>
         <subfield code="r">Jean-Luc Fournet.</subfield>
      </datafield>
      <datafield tag="600" ind1="0" ind2="0">
         <subfield code="a">Dioscorus,</subfield>
         <subfield code="c">of Aphrodito</subfield>
         <subfield code="v">Archives</subfield>
         <subfield code="v">Congresses.</subfield>
      </datafield>
      <datafield tag="600" ind1="0" ind2="0">
         <subfield code="a">Dioscorus,</subfield>
         <subfield code="c">of Aphrodito</subfield>
         <subfield code="x">Criticism and interpretation</subfield>
         <subfield code="v">Congresses.</subfield>
      </datafield>
      <datafield tag="650" ind1=" " ind2="0">
         <subfield code="a">Poets, Greek</subfield>
         <subfield code="z">Egypt</subfield>
         <subfield code="z">Aphrodito (Extinct city)</subfield>
         <subfield code="v">Congresses.</subfield>
      </datafield>
      <datafield tag="650" ind1=" " ind2="0">
         <subfield code="a">Law</subfield>
         <subfield code="z">Egypt</subfield>
         <subfield code="z">Aphrodito (Extinct city)</subfield>
         <subfield code="x">History</subfield>
         <subfield code="v">Sources</subfield>
         <subfield code="v">Congresses.</subfield>
      </datafield>
      <datafield tag="651" ind1=" " ind2="0">
         <subfield code="a">Aphrodito (Extinct city)</subfield>
         <subfield code="x">Politics and government</subfield>
         <subfield code="x">History</subfield>
         <subfield code="x">Sources</subfield>
         <subfield code="v">Congresses.</subfield>
      </datafield>
      <datafield tag="651" ind1=" " ind2="0">
         <subfield code="a">Aphrodito (Extinct city)</subfield>
         <subfield code="v">Congresses.</subfield>
      </datafield>
      <datafield tag="650" ind1=" " ind2="0">
         <subfield code="a">Manuscripts, Greek (Papyri)</subfield>
         <subfield code="z">Egypt</subfield>
         <subfield code="v">Congresses.</subfield>
      </datafield>
      <datafield tag="653" ind1=" " ind2=" ">
         <subfield code="a">Ancient Egypt</subfield>
         <subfield code="a">Papyrology</subfield>
         <subfield code="a">4th century</subfield>
      </datafield>
      <datafield tag="700" ind1="1" ind2=" ">
         <subfield code="a">Fournet, Jean-Luc.</subfield>
      </datafield>
      <datafield tag="700" ind1="1" ind2=" ">
         <subfield code="a">Agosti, Gianfranco.</subfield>
      </datafield>
      <datafield tag="700" ind1="1" ind2=" ">
         <subfield code="a">Schwendner, Gregg W.</subfield>
      </datafield>
      <datafield tag="700" ind1="1" ind2=" ">
         <subfield code="a">Bouvarel-Boud'hors, Anne.</subfield>
      </datafield>
      <datafield tag="700" ind1="1" ind2=" ">
         <subfield code="a">Papaconstantinou, Arietta.</subfield>
      </datafield>
      <datafield tag="700" ind1="1" ind2=" ">
         <subfield code="a">Del Corso, Lucio.</subfield>
      </datafield>
      <datafield tag="700" ind1="1" ind2=" ">
         <subfield code="a">Urbanik, Jakub.</subfield>
      </datafield>
      <datafield tag="700" ind1="1" ind2=" ">
         <subfield code="a">Worp, K. A.</subfield>
         <subfield code="q">(Klaas Anthony)</subfield>
      </datafield>
      <datafield tag="700" ind1="1" ind2=" ">
         <subfield code="a">Ruffini, Giovanni,</subfield>
         <subfield code="d">1974-</subfield>
      </datafield>
      <datafield tag="700" ind1="1" ind2=" ">
         <subfield code="a">Keenan, James G.</subfield>
      </datafield>
      <datafield tag="700" ind1="1" ind2=" ">
         <subfield code="a">Bagnall, Roger S.</subfield>
      </datafield>
      <datafield tag="700" ind1="1" ind2=" ">
         <subfield code="a">Mirković, Miroslava,</subfield>
         <subfield code="d">1933-</subfield>
      </datafield>
      <datafield tag="700" ind1="1" ind2=" ">
         <subfield code="a">Palme, Bernhard.</subfield>
      </datafield>
      <datafield tag="700" ind1="1" ind2=" ">
         <subfield code="a">Morelli, Federico.</subfield>
      </datafield>
      <datafield tag="700" ind1="1" ind2=" ">
         <subfield code="a">Mitthof, Fritz.</subfield>
      </datafield>
      <datafield tag="700" ind1="1" ind2=" ">
         <subfield code="a">Wipszycka, Ewa.</subfield>
      </datafield>
      <datafield tag="700" ind1="1" ind2=" ">
         <subfield code="a">Gascou, Jean.</subfield>
      </datafield>
      <datafield tag="700" ind1="1" ind2=" ">
         <subfield code="a">Magdelaine, Caroline.</subfield>
      </datafield>
      <datafield tag="830" ind1=" " ind2="0">
         <subfield code="a">Etudes d'archéologie et d'histoire ancienne</subfield>
      </datafield>
      <datafield tag="994" ind1=" " ind2=" ">
         <subfield code="a">Z0</subfield>
         <subfield code="b">ZYU</subfield>
      </datafield>
      <datafield tag="OWN" ind1=" " ind2=" ">
         <subfield code="a">GENERAL</subfield>
      </datafield>
      <datafield tag="AVA" ind1=" " ind2=" ">
         <subfield code="a">NYU50</subfield>
         <subfield code="b">NISAW</subfield>
         <subfield code="c">Reference 3 Collection</subfield>
         <subfield code="d">PA3968.D62 C64 2005</subfield>
         <subfield code="e">available</subfield>
         <subfield code="t">Available</subfield>
         <subfield code="f">1</subfield>
         <subfield code="g">0</subfield>
         <subfield code="h">N</subfield>
         <subfield code="i">0</subfield>
         <subfield code="j">REF3</subfield>
         <subfield code="k">0</subfield>
      </datafield>
      <marc:datafield tag="852" ind1=" " ind2=" ">
         <marc:subfield code="b">Institute for the Study of the Ancient World, </marc:subfield>
         <marc:subfield code="c">Reference 3 Collection</marc:subfield>
         <marc:subfield code="e">15 East 84th St., </marc:subfield>
         <marc:subfield code="e">New York, NY  10028</marc:subfield>
      </marc:datafield>
   </record>