
  
  
  
  
  
 
  
  <record xsi:schemaLocation="http://www.loc.gov/MARC21/slim http://www.loc.gov/standards/marcxml/schema/MARC21slim.xsd">
      <leader>00000cam  2200397 a 4500</leader>
      <controlfield tag="FMT">BK</controlfield>
      <controlfield tag="LDR">00000cam  2200397 a 4500</controlfield>
      <controlfield tag="001">002092400</controlfield>
      <controlfield tag="003">NNU</controlfield>
      <controlfield tag="005">20140807104529.0</controlfield>
      <controlfield tag="008">730913m19131967enk      b    001 0 eng d</controlfield>
      <datafield tag="035" ind1=" " ind2=" ">
         <subfield code="a">(CStRLIN)NYUG0688933-B</subfield>
      </datafield>
      <datafield tag="035" ind1=" " ind2=" ">
         <subfield code="a">GLIS000692196</subfield>
      </datafield>
      <datafield tag="035" ind1="9" ind2=" ">
         <subfield code="a">NYUb11048682</subfield>
      </datafield>
      <datafield tag="040" ind1=" " ind2=" ">
         <subfield code="c">ODaWU</subfield>
         <subfield code="d">NNU</subfield>
         <subfield code="d">CStRLIN</subfield>
         <subfield code="d">NNU</subfield>
      </datafield>
      <datafield tag="041" ind1="1" ind2=" ">
         <subfield code="a">eng</subfield>
         <subfield code="a">grc</subfield>
         <subfield code="h">grc</subfield>
      </datafield>
      <datafield tag="050" ind1=" " ind2="4">
         <subfield code="a">PA3612.L83</subfield>
         <subfield code="b">L8 1913</subfield>
      </datafield>
      <datafield tag="050" ind1=" " ind2="4">
         <subfield code="a">PA3612.L83</subfield>
         <subfield code="b">L83 1913</subfield>
      </datafield>
      <datafield tag="100" ind1="0" ind2=" ">
         <subfield code="a">Lucian,</subfield>
         <subfield code="c">of Samosata</subfield>
      </datafield>
      <datafield tag="240" ind1="1" ind2="0">
         <subfield code="a">Works.</subfield>
         <subfield code="l">English &amp; Greek.</subfield>
         <subfield code="f">1913</subfield>
      </datafield>
      <datafield tag="245" ind1="1" ind2="0">
         <subfield code="a">Lucian /</subfield>
         <subfield code="c">Lucian ; with an English translation by A.M. Harmon.</subfield>
      </datafield>
      <datafield tag="260" ind1=" " ind2=" ">
         <subfield code="a">London :</subfield>
         <subfield code="b">W. Heinemann ;</subfield>
         <subfield code="a">New York :</subfield>
         <subfield code="b">Macmillan,</subfield>
         <subfield code="c">1913-1967.</subfield>
      </datafield>
      <datafield tag="300" ind1=" " ind2=" ">
         <subfield code="a">8 v. ;</subfield>
         <subfield code="c">17 cm.</subfield>
      </datafield>
      <datafield tag="490" ind1="1" ind2=" ">
         <subfield code="a">The Loeb classical library ;</subfield>
         <subfield code="v">14, 54, 130, 162, 302, 430-432</subfield>
      </datafield>
      <datafield tag="546" ind1=" " ind2=" ">
         <subfield code="a">Greek with English translation on opposite pages.</subfield>
      </datafield>
      <datafield tag="500" ind1=" " ind2=" ">
         <subfield code="a">Issued with various printing dates.</subfield>
      </datafield>
      <datafield tag="500" ind1=" " ind2=" ">
         <subfield code="a">Imprint varies: later printings issued by Harvard University Press, Cambridge, Mass. (either alone or jointly with W. Heinemann, London).</subfield>
      </datafield>
      <datafield tag="500" ind1=" " ind2=" ">
         <subfield code="a">Some earlier printings issued by G.P. Putnam's Sons, New York, jointly with W. Heinemann, London.</subfield>
      </datafield>
      <datafield tag="500" ind1=" " ind2=" ">
         <subfield code="a">Vol. 2: "in seven volumes"; v. 1,3,4,6-7: "in eight volumes."</subfield>
      </datafield>
      <datafield tag="500" ind1=" " ind2=" ">
         <subfield code="a">Vol. 6 translated by K. Kilburn; v. 7-8, by M.D. Macleod.</subfield>
      </datafield>
      <datafield tag="504" ind1=" " ind2=" ">
         <subfield code="a">Includes bibliographical references and indexes.</subfield>
      </datafield>
      <datafield tag="505" ind1="0" ind2="0">
         <subfield code="g">v.1.</subfield>
         <subfield code="t">Philaris (I, II).</subfield>
         <subfield code="t">Hippias, or the bath.</subfield>
         <subfield code="t">Dionysus.</subfield>
         <subfield code="t">Heracles.</subfield>
         <subfield code="t">Amber, or the swans.</subfield>
         <subfield code="t">Fly.</subfield>
         <subfield code="t">Nigrinus.</subfield>
         <subfield code="t">Demonax.</subfield>
         <subfield code="t">Hall.</subfield>
         <subfield code="t">Native land.</subfield>
         <subfield code="t">Octogenarians.</subfield>
         <subfield code="t">True story (I, II).</subfield>
         <subfield code="t">Slander.</subfield>
         <subfield code="t">Consonants at law.</subfield>
         <subfield code="t">Carousal, or the Lapiths --</subfield>
         <subfield code="g">v.2.</subfield>
         <subfield code="t">Downward journey, or the tyrant.</subfield>
         <subfield code="t">Zeus catechized.</subfield>
         <subfield code="t">Zeus rants.</subfield>
         <subfield code="t">Dream, or the cock.</subfield>
         <subfield code="t">Prometheus.</subfield>
         <subfield code="t">Icaromenippus, or the sky-man.</subfield>
         <subfield code="t">Timon, or the misanthrope.</subfield>
         <subfield code="t">Charon, or the inspectors.</subfield>
         <subfield code="t">Philosophies for sale --</subfield>
         <subfield code="g">v.3.</subfield>
         <subfield code="t">Dead come to life, or the fisherman.</subfield>
         <subfield code="t">Double indictment, or trials by jury.</subfield>
         <subfield code="t">On sacrifices.</subfield>
         <subfield code="t">Ignorant book-collector.</subfield>
         <subfield code="t">Dream, or Lucian's career.</subfield>
         <subfield code="t">Parasite, parasitic an art.</subfield>
         <subfield code="t">Lover of lies, or the doubter.</subfield>
         <subfield code="t">Judgment of the goddesses.</subfield>
         <subfield code="t">On salaried posts in great houses --</subfield>
         <subfield code="g">v.4.</subfield>
         <subfield code="t">Anacharsis, or athletics.</subfield>
         <subfield code="t">Menippus, or the descent into Hades.</subfield>
         <subfield code="t">On funerals.</subfield>
         <subfield code="t">Professor of public speaking.</subfield>
         <subfield code="t">Alexander the false prophet.</subfield>
         <subfield code="t">Essays in portraiture defended.</subfield>
         <subfield code="t">Goddesse of Surrye --</subfield>
         <subfield code="g">v.6.</subfield>
         <subfield code="t">How to write history.</subfield>
         <subfield code="t">Dipsads.</subfield>
         <subfield code="t">Saturnalia.</subfield>
         <subfield code="t">Herodotus or Aëtion.</subfield>
         <subfield code="t">Zeuxis or Antiochus.</subfield>
         <subfield code="t">Slip of the tongue in greeting.</subfield>
         <subfield code="t">Apology for the 'salaried posts in great houses'.</subfield>
         <subfield code="t">Harmonides.</subfield>
         <subfield code="t">Conversation with Hesiod.</subfield>
         <subfield code="t">Scythian or the consul.</subfield>
         <subfield code="t">Hermotimus or concerning the sects.</subfield>
         <subfield code="t">To one who said, 'you're a Prometheus in words'.</subfield>
         <subfield code="t">Ship or the wishes --</subfield>
         <subfield code="g">v.7.</subfield>
         <subfield code="t">Dialogues of the dead.</subfield>
         <subfield code="t">Dialogues of the sea-gods.</subfield>
         <subfield code="t">Dialogues of the gods.</subfield>
         <subfield code="t">Dialogues of the courtesans.</subfield>
      </datafield>
      <datafield tag="600" ind1="0" ind2="0">
         <subfield code="a">Lucian,</subfield>
         <subfield code="c">of Samosata</subfield>
         <subfield code="v">Translations into English.</subfield>
      </datafield>
      <datafield tag="700" ind1="1" ind2=" ">
         <subfield code="a">Harmon, A. M.</subfield>
         <subfield code="q">(Austin Morris)</subfield>
      </datafield>
      <datafield tag="700" ind1="1" ind2=" ">
         <subfield code="a">Macleod, M. D.</subfield>
      </datafield>
      <datafield tag="700" ind1="1" ind2=" ">
         <subfield code="a">Kilburn, K.</subfield>
      </datafield>
      <datafield tag="830" ind1=" " ind2="0">
         <subfield code="a">Loeb classical library ;</subfield>
         <subfield code="v">14.</subfield>
      </datafield>
      <datafield tag="830" ind1=" " ind2="0">
         <subfield code="a">Loeb classical library ;</subfield>
         <subfield code="v">54.</subfield>
      </datafield>
      <datafield tag="830" ind1=" " ind2="0">
         <subfield code="a">Loeb classical library ;</subfield>
         <subfield code="v">130.</subfield>
      </datafield>
      <datafield tag="830" ind1=" " ind2="0">
         <subfield code="a">Loeb classical library ;</subfield>
         <subfield code="v">162.</subfield>
      </datafield>
      <datafield tag="830" ind1=" " ind2="0">
         <subfield code="a">Loeb classical library ;</subfield>
         <subfield code="v">302.</subfield>
      </datafield>
      <datafield tag="830" ind1=" " ind2="0">
         <subfield code="a">Loeb classical library ;</subfield>
         <subfield code="v">430.</subfield>
      </datafield>
      <datafield tag="830" ind1=" " ind2="0">
         <subfield code="a">Loeb classical library ;</subfield>
         <subfield code="v">431.</subfield>
      </datafield>
      <datafield tag="830" ind1=" " ind2="0">
         <subfield code="a">Loeb classical library ;</subfield>
         <subfield code="v">432.</subfield>
      </datafield>
      <datafield tag="OWN" ind1=" " ind2=" ">
         <subfield code="a">GENERAL</subfield>
      </datafield>
      <datafield tag="AVA" ind1=" " ind2=" ">
         <subfield code="a">NYU52</subfield>
         <subfield code="b">NSHNG</subfield>
         <subfield code="c">Main Collection</subfield>
         <subfield code="d">PA3612 .L83</subfield>
         <subfield code="e">check_holdings</subfield>
         <subfield code="t">Check Holdings</subfield>
         <subfield code="h">Y</subfield>
         <subfield code="j">MAIN</subfield>
         <subfield code="k">0</subfield>
      </datafield>
      <datafield tag="AVA" ind1=" " ind2=" ">
         <subfield code="a">NYU51</subfield>
         <subfield code="b">NABUD</subfield>
         <subfield code="c">Loeb Collection</subfield>
         <subfield code="d">PA4230 .A2 1913</subfield>
         <subfield code="e">available</subfield>
         <subfield code="t">Available</subfield>
         <subfield code="f">8</subfield>
         <subfield code="g">0</subfield>
         <subfield code="h">Y</subfield>
         <subfield code="i">0</subfield>
         <subfield code="j">LOEB</subfield>
         <subfield code="k">0</subfield>
      </datafield>
      <datafield tag="AVA" ind1=" " ind2=" ">
         <subfield code="a">NYU50</subfield>
         <subfield code="b">BOBST</subfield>
         <subfield code="c">Main Collection</subfield>
         <subfield code="d">PA3612 .L83</subfield>
         <subfield code="e">check_holdings</subfield>
         <subfield code="t">Check Holdings</subfield>
         <subfield code="h">Y</subfield>
         <subfield code="j">MAIN</subfield>
         <subfield code="k">0</subfield>
      </datafield>
      <datafield tag="AVA" ind1=" " ind2=" ">
         <subfield code="a">NYU50</subfield>
         <subfield code="b">CU</subfield>
         <subfield code="c">Main Collection</subfield>
         <subfield code="d">PA3612 .L83</subfield>
         <subfield code="e">available</subfield>
         <subfield code="t">Available</subfield>
         <subfield code="f">5</subfield>
         <subfield code="g">0</subfield>
         <subfield code="h">Y</subfield>
         <subfield code="i">0</subfield>
         <subfield code="j">MAIN</subfield>
         <subfield code="k">0</subfield>
      </datafield>
      <datafield tag="AVA" ind1=" " ind2=" ">
         <subfield code="a">NYU50</subfield>
         <subfield code="b">NIFA</subfield>
         <subfield code="c">Classical</subfield>
         <subfield code="d">PA3612 .L83 Non-circulating</subfield>
         <subfield code="e">check_holdings</subfield>
         <subfield code="t">Check Holdings</subfield>
         <subfield code="h">Y</subfield>
         <subfield code="j">CLASS</subfield>
         <subfield code="k">0</subfield>
      </datafield>
      <datafield tag="AVA" ind1=" " ind2=" ">
         <subfield code="a">NYU50</subfield>
         <subfield code="b">NISAW</subfield>
         <subfield code="c">Reference 3 Collection</subfield>
         <subfield code="d">PA3612.L83 L83 1913</subfield>
         <subfield code="e">available</subfield>
         <subfield code="t">Available</subfield>
         <subfield code="f">8</subfield>
         <subfield code="g">0</subfield>
         <subfield code="h">Y</subfield>
         <subfield code="i">0</subfield>
         <subfield code="j">REF3</subfield>
         <subfield code="k">0</subfield>
      </datafield>
      <marc:datafield tag="852" ind1=" " ind2=" ">
         <marc:subfield code="b">Institute for the Study of the Ancient World, </marc:subfield>
         <marc:subfield code="c">Reference 3 Collection</marc:subfield>
         <marc:subfield code="e">15 East 84th St., </marc:subfield>
         <marc:subfield code="e">New York, NY  10028</marc:subfield>
      </marc:datafield>
      <datafield tag="AVA" ind1=" " ind2=" ">
         <subfield code="a">NYU50</subfield>
         <subfield code="b">TNSFO</subfield>
         <subfield code="c">Main Collection</subfield>
         <subfield code="d">PA3612 .L83</subfield>
         <subfield code="e">unavailable</subfield>
         <subfield code="t">Unavailable</subfield>
         <subfield code="f">5</subfield>
         <subfield code="g">5</subfield>
         <subfield code="h">Y</subfield>
         <subfield code="i">0</subfield>
         <subfield code="j">MAIN</subfield>
         <subfield code="k">0</subfield>
      </datafield>
   </record>