
  
  
  
  
  
  
  
 
  
  <record xsi:schemaLocation="http://www.loc.gov/MARC21/slim http://www.loc.gov/standards/marcxml/schema/MARC21slim.xsd">
      <leader>00000cam a2200373 a 4500</leader>
      <controlfield tag="FMT">BK</controlfield>
      <controlfield tag="LDR">00000cam a2200373 a 4500</controlfield>
      <controlfield tag="001">003398603</controlfield>
      <controlfield tag="005">20140807125409.0</controlfield>
      <controlfield tag="008">080809s2008    be a     b    010 0 eng</controlfield>
      <datafield tag="010" ind1=" " ind2=" ">
         <subfield code="a">2008298645</subfield>
      </datafield>
      <datafield tag="020" ind1=" " ind2=" ">
         <subfield code="a">9782503527512</subfield>
      </datafield>
      <datafield tag="020" ind1=" " ind2=" ">
         <subfield code="a">2503527515</subfield>
      </datafield>
      <datafield tag="035" ind1="7" ind2=" ">
         <subfield code="a">ybp2378914</subfield>
         <subfield code="b">yank99936656600</subfield>
      </datafield>
      <datafield tag="040" ind1=" " ind2=" ">
         <subfield code="a">DLC</subfield>
         <subfield code="c">DLC</subfield>
         <subfield code="d">BTCTA</subfield>
         <subfield code="d">BAKER</subfield>
         <subfield code="d">YDXCP</subfield>
         <subfield code="d">TZT</subfield>
         <subfield code="d">JPG</subfield>
         <subfield code="d">CUT</subfield>
         <subfield code="d">BWX</subfield>
         <subfield code="d">ERASA</subfield>
         <subfield code="d">CDX</subfield>
         <subfield code="d">IQU</subfield>
         <subfield code="d">SOR</subfield>
         <subfield code="d">NNU</subfield>
      </datafield>
      <datafield tag="041" ind1="0" ind2=" ">
         <subfield code="a">eng</subfield>
         <subfield code="a">ger</subfield>
      </datafield>
      <datafield tag="043" ind1=" " ind2=" ">
         <subfield code="a">ac-----</subfield>
      </datafield>
      <datafield tag="050" ind1="0" ind2="0">
         <subfield code="a">BQ572</subfield>
         <subfield code="b">.A83 2008</subfield>
      </datafield>
      <datafield tag="082" ind1="1" ind2="4">
         <subfield code="a">299</subfield>
         <subfield code="2">1</subfield>
      </datafield>
      <datafield tag="245" ind1="0" ind2="0">
         <subfield code="a">Aspects of research into Central Asian Buddhism :</subfield>
         <subfield code="b">in memoriam Kōgi Kudara /</subfield>
         <subfield code="c">edited by Peter Zieme.</subfield>
      </datafield>
      <datafield tag="260" ind1=" " ind2=" ">
         <subfield code="a">Turnhout :</subfield>
         <subfield code="b">Brepols,</subfield>
         <subfield code="c">c2008.</subfield>
      </datafield>
      <datafield tag="300" ind1=" " ind2=" ">
         <subfield code="a">483 p. :</subfield>
         <subfield code="b">ill. ;</subfield>
         <subfield code="c">24 cm.</subfield>
      </datafield>
      <datafield tag="490" ind1="1" ind2=" ">
         <subfield code="a">Silk Road studies ;</subfield>
         <subfield code="v">16</subfield>
      </datafield>
      <datafield tag="546" ind1=" " ind2=" ">
         <subfield code="a">Articles in English and German.</subfield>
      </datafield>
      <datafield tag="500" ind1=" " ind2=" ">
         <subfield code="a">"Kōgi Kudara: bibliography of his works"--P. [17]-25.</subfield>
      </datafield>
      <datafield tag="504" ind1=" " ind2=" ">
         <subfield code="a">Includes bibliographical references.</subfield>
      </datafield>
      <datafield tag="505" ind1="0" ind2="0">
         <subfield code="t">Preface /</subfield>
         <subfield code="r">Peter Zieme --</subfield>
         <subfield code="t">Kōgi Kudara - bibliography of his works /</subfield>
         <subfield code="r">Peter Zieme --</subfield>
         <subfield code="t">Study on the Uighur text Abitaki (3) /</subfield>
         <subfield code="r">Geng Shimin --</subfield>
         <subfield code="t">Mannerheim and the French expedition of Paul Pelliot /</subfield>
         <subfield code="r">Harry Halén --</subfield>
         <subfield code="t">Uygur verbs of compassion /</subfield>
         <subfield code="r">György Kara --</subfield>
         <subfield code="t">Uigurische Überlieferung der Legende von der Gründung des Tempels Baimasi /</subfield>
         <subfield code="r">Yukiyo Kasai --</subfield>
         <subfield code="t">Supplements to Uigurische Āgama-fragmente /</subfield>
         <subfield code="r">Koichi Kitsudo --</subfield>
         <subfield code="t">Dārṣṭtāntika and Sautrāntika in the Abhidharmadīpa /</subfield>
         <subfield code="r">Robert Kritzer --</subfield>
         <subfield code="t">On an Uigur pustaka book of the Buddhist text Bayangjing from the grotto of Dunhuang in the Paris Collection /</subfield>
         <subfield code="r">Kōgi Kudara --</subfield>
         <subfield code="t">Mongolian decree from the Chaghataid Khanate discovered at Dunhuang /</subfield>
         <subfield code="r">Dai Matsui --</subfield>
         <subfield code="t">Equanimity of the Tathāgata /</subfield>
         <subfield code="r">Dieter Maue --</subfield>
         <subfield code="t">Chronology of West Uighur Buddhism : re-examination of the dating of the wall-paintings in Grünwedel's cave no. 8 (new: no. 18), Bezeklik /</subfield>
         <subfield code="r">Takao Moriyasu --</subfield>
         <subfield code="t">Alttürkische Etymologien (2) /</subfield>
         <subfield code="r">Mehmet Ölmez --</subfield>
      </datafield>
      <datafield tag="505" ind1="0" ind2="0">
         <subfield code="t">Neues zur alttürkischen "Geschichte von der hungrigen Tigerian" /</subfield>
         <subfield code="r">Simone-Christiane Raschmann, Ablet Semet --</subfield>
         <subfield code="t">Kreuz zum Andenken. Die buddhistischen soghdischen Fragmente der Berliner Turfansammlung /</subfield>
         <subfield code="r">Christiane Reck --</subfield>
         <subfield code="t">Genese der deadjektivischen Abstrakta des Türkischen /</subfield>
         <subfield code="r">Klaus Röhrborn --</subfield>
         <subfield code="t">THT 107 "Die Speisung des Bodhisattva vor der Erleuchtung". Die westtocharische Version im Vergleich mit der Sanskritfassung der Mūlasarvāstivādins /</subfield>
         <subfield code="r">Klaus T. Schmidt --</subfield>
         <subfield code="t">On a "silver" document /</subfield>
         <subfield code="r">Osman Fikri Sertkaya ;</subfield>
         <subfield code="r">Dai Matsui --</subfield>
         <subfield code="t">Uighur Abhidharmakośabhāṣya-ṭīkā Tattvārthā preserved in China /</subfield>
         <subfield code="r">Masahiro Shōgaito --</subfield>
         <subfield code="t">Forbidden women. A peculiar Buddhist reference /</subfield>
         <subfield code="r">Jonathan Silk --</subfield>
         <subfield code="t">Ānanda enters into the Buddha's service. Edition of a Sogdian fragment from the Mahāyāna Mahāparinirvāṇa-sūtra /</subfield>
         <subfield code="r">Werner Sundermann --</subfield>
         <subfield code="t">Apocalyptic Manichaean text TM 180 /</subfield>
         <subfield code="r">Aloïs van Tongerloo --</subfield>
         <subfield code="t">Maitrisimit und Maitreyasamitināṭaka</subfield>
         <subfield code="r">Jens Wilkens --</subfield>
         <subfield code="t">Berlin fragments of the block-printed Uyghur edition of the Buddhāvataṃsaka-sūtra in forty volumes /</subfield>
         <subfield code="r">Abdurishid Yakup --</subfield>
         <subfield code="t">Brahmajāla-sūtra in Sogdian /</subfield>
         <subfield code="r">Yutaka Yoshida --</subfield>
         <subfield code="t">Some bilingual manuscripts of the Xuanzang biography /</subfield>
         <subfield code="r">Peter Zieme.</subfield>
      </datafield>
      <datafield tag="650" ind1=" " ind2="0">
         <subfield code="a">Buddhism</subfield>
         <subfield code="z">Asia, Central</subfield>
         <subfield code="x">History.</subfield>
      </datafield>
      <datafield tag="650" ind1=" " ind2="0">
         <subfield code="a">Buddhist literature</subfield>
         <subfield code="z">Asia, Central</subfield>
         <subfield code="x">History and criticism.</subfield>
      </datafield>
      <datafield tag="650" ind1=" " ind2="0">
         <subfield code="a">Buddhist literature, Uighur</subfield>
         <subfield code="z">Asia, Central</subfield>
         <subfield code="x">History and criticism.</subfield>
      </datafield>
      <datafield tag="650" ind1=" " ind2="0">
         <subfield code="a">Buddhist literature, Turkic</subfield>
         <subfield code="z">Asia, Central</subfield>
         <subfield code="x">History and criticism.</subfield>
      </datafield>
      <datafield tag="700" ind1="1" ind2=" ">
         <subfield code="a">Zieme, Peter.</subfield>
      </datafield>
      <datafield tag="700" ind1="1" ind2=" ">
         <subfield code="a">Kudara, Kōgi,</subfield>
         <subfield code="d">1945-2004.</subfield>
      </datafield>
      <datafield tag="830" ind1=" " ind2="0">
         <subfield code="a">Silk Road studies ;</subfield>
         <subfield code="v">16</subfield>
      </datafield>
      <datafield tag="OWN" ind1=" " ind2=" ">
         <subfield code="a">GENERAL</subfield>
      </datafield>
      <datafield tag="049" ind1=" " ind2=" ">
         <subfield code="a">ZYAD</subfield>
         <subfield code="b">31122050315949</subfield>
      </datafield>
      <datafield tag="980" ind1=" " ind2=" ">
         <subfield code="a">20100415</subfield>
         <subfield code="b">94.00</subfield>
         <subfield code="e">77.08</subfield>
         <subfield code="f">957169</subfield>
         <subfield code="g">1</subfield>
      </datafield>
      <datafield tag="982" ind1=" " ind2=" ">
         <subfield code="a">99936656600</subfield>
      </datafield>
      <datafield tag="981" ind1=" " ind2=" ">
         <subfield code="b">ABDGNC-2009*</subfield>
      </datafield>
      <datafield tag="AVA" ind1=" " ind2=" ">
         <subfield code="a">NYU50</subfield>
         <subfield code="b">NISAW</subfield>
         <subfield code="c">Small Collection</subfield>
         <subfield code="d">BQ572 .A83 2008</subfield>
         <subfield code="e">available</subfield>
         <subfield code="t">Available</subfield>
         <subfield code="f">1</subfield>
         <subfield code="g">0</subfield>
         <subfield code="h">N</subfield>
         <subfield code="i">0</subfield>
         <subfield code="j">SMALL</subfield>
         <subfield code="k">0</subfield>
      </datafield>
      <marc:datafield tag="852" ind1=" " ind2=" ">
         <marc:subfield code="b">Institute for the Study of the Ancient World, </marc:subfield>
         <marc:subfield code="c">Small Collection</marc:subfield>
         <marc:subfield code="e">15 East 84th St., </marc:subfield>
         <marc:subfield code="e">New York, NY  10028</marc:subfield>
      </marc:datafield>
      <datafield tag="AVA" ind1=" " ind2=" ">
         <subfield code="a">NYU51</subfield>
         <subfield code="b">NABUD</subfield>
         <subfield code="c">Main Collection</subfield>
         <subfield code="d">BQ572 .A83 2008</subfield>
         <subfield code="e">available</subfield>
         <subfield code="t">Available</subfield>
         <subfield code="f">1</subfield>
         <subfield code="g">0</subfield>
         <subfield code="h">N</subfield>
         <subfield code="i">0</subfield>
         <subfield code="j">MAIN</subfield>
         <subfield code="k">0</subfield>
      </datafield>
   </record>