
  
  
  
  
  
  
  
 
  
  <record xsi:schemaLocation="http://www.loc.gov/MARC21/slim http://www.loc.gov/standards/marcxml/schema/MARC21slim.xsd">
      <leader>00000cam  22007334a 4500</leader>
      <controlfield tag="FMT">BK</controlfield>
      <controlfield tag="LDR">00000cam  22007334a 4500</controlfield>
      <controlfield tag="001">004024597</controlfield>
      <controlfield tag="003">OCoLC</controlfield>
      <controlfield tag="005">20140808091722.0</controlfield>
      <controlfield tag="008">140808s2004    cc ab    b    000 0 chi</controlfield>
      <datafield tag="010" ind1=" " ind2=" ">
         <subfield code="a">2005425474</subfield>
      </datafield>
      <datafield tag="020" ind1=" " ind2=" ">
         <subfield code="a">7501016518</subfield>
      </datafield>
      <datafield tag="020" ind1=" " ind2=" ">
         <subfield code="a">9787501016518</subfield>
      </datafield>
      <datafield tag="035" ind1=" " ind2=" ">
         <subfield code="a">(OCoLC)61516636</subfield>
      </datafield>
      <datafield tag="040" ind1=" " ind2=" ">
         <subfield code="a">DLC-R</subfield>
         <subfield code="b">eng</subfield>
         <subfield code="c">DLC</subfield>
         <subfield code="d">CUI</subfield>
         <subfield code="d">PIT</subfield>
         <subfield code="d">HNK</subfield>
         <subfield code="d">CLU</subfield>
         <subfield code="d">OCLCG</subfield>
         <subfield code="d">OCLCF</subfield>
         <subfield code="d">NNU</subfield>
      </datafield>
      <datafield tag="041" ind1="0" ind2=" ">
         <subfield code="a">chi</subfield>
         <subfield code="b">eng</subfield>
         <subfield code="f">eng</subfield>
      </datafield>
      <datafield tag="043" ind1=" " ind2=" ">
         <subfield code="a">a-cc---</subfield>
      </datafield>
      <datafield tag="050" ind1="0" ind2="0">
         <subfield code="a">DS747.15</subfield>
         <subfield code="b">.Y36 2004</subfield>
      </datafield>
      <datafield tag="066" ind1=" " ind2=" ">
         <subfield code="c">$1</subfield>
      </datafield>
      <datafield tag="100" ind1="1" ind2=" ">
         <subfield code="a">Yang, Jianhua,</subfield>
         <subfield code="d">1955-</subfield>
         <subfield code="6">880-01</subfield>
      </datafield>
      <datafield tag="245" ind1="1" ind2="0">
         <subfield code="6">880-02</subfield>
         <subfield code="a">Chun qiu Zhan guo shi qi Zhongguo bei fang wen hua dai de xing cheng /</subfield>
         <subfield code="c">Yang Jianhua zhu.</subfield>
      </datafield>
      <datafield tag="246" ind1="1" ind2="5">
         <subfield code="a">Rormation[sic] of northern Chinese frontier belt during the Spring and Autumn and Warring States periods</subfield>
      </datafield>
      <datafield tag="246" ind1="3" ind2=" ">
         <subfield code="a">Formation of northern Chinese frontier belt during the Spring and Autumn and Warring States periods</subfield>
      </datafield>
      <datafield tag="250" ind1=" " ind2=" ">
         <subfield code="6">880-03</subfield>
         <subfield code="a">Di 1 ban.</subfield>
      </datafield>
      <datafield tag="260" ind1=" " ind2=" ">
         <subfield code="6">880-04</subfield>
         <subfield code="a">Beijing :</subfield>
         <subfield code="b">Wen wu chu ban she,</subfield>
         <subfield code="c">2004.</subfield>
      </datafield>
      <datafield tag="300" ind1=" " ind2=" ">
         <subfield code="a">ii, 8, 219 p. :</subfield>
         <subfield code="b">ill. (some col.), maps ;</subfield>
         <subfield code="c">26 cm.</subfield>
      </datafield>
      <datafield tag="490" ind1="1" ind2=" ">
         <subfield code="6">880-05</subfield>
         <subfield code="a">Beijing da xue zhen dan gu dai wen ming yan jiu zhong xin xue shu cong shu =</subfield>
         <subfield code="a">Aurora Centre for the Study of Ancient Civilizations, Peking University publication series ;</subfield>
         <subfield code="v">10</subfield>
      </datafield>
      <datafield tag="546" ind1=" " ind2=" ">
         <subfield code="a">Table of contents and abstracts also in English.</subfield>
      </datafield>
      <datafield tag="504" ind1=" " ind2=" ">
         <subfield code="a">Includes bibliographical references.</subfield>
      </datafield>
      <datafield tag="651" ind1=" " ind2="0">
         <subfield code="a">China</subfield>
         <subfield code="x">History</subfield>
         <subfield code="y">Spring and Autumn period, 722-481 B.C.</subfield>
      </datafield>
      <datafield tag="651" ind1=" " ind2="0">
         <subfield code="a">China</subfield>
         <subfield code="x">History</subfield>
         <subfield code="y">Warring States, 403-221 B.C.</subfield>
      </datafield>
      <datafield tag="651" ind1=" " ind2="0">
         <subfield code="a">China</subfield>
         <subfield code="x">Civilization</subfield>
         <subfield code="y">To 221 B.C.</subfield>
      </datafield>
      <datafield tag="611" ind1="2" ind2="7">
         <subfield code="a">Warring States (China : 403-221 B.C.)</subfield>
         <subfield code="2">fast</subfield>
         <subfield code="0">(OCoLC)fst01355302</subfield>
      </datafield>
      <datafield tag="650" ind1=" " ind2="7">
         <subfield code="a">Civilization.</subfield>
         <subfield code="2">fast</subfield>
         <subfield code="0">(OCoLC)fst00862898</subfield>
      </datafield>
      <datafield tag="651" ind1=" " ind2="7">
         <subfield code="a">China.</subfield>
         <subfield code="2">fast</subfield>
         <subfield code="0">(OCoLC)fst01206073</subfield>
      </datafield>
      <datafield tag="648" ind1=" " ind2="7">
         <subfield code="a">To 221 B.C.</subfield>
         <subfield code="2">fast</subfield>
      </datafield>
      <datafield tag="655" ind1=" " ind2="7">
         <subfield code="a">History.</subfield>
         <subfield code="2">fast</subfield>
         <subfield code="0">(OCoLC)fst01411628</subfield>
      </datafield>
      <datafield tag="776" ind1="0" ind2="8">
         <subfield code="i">Online version:</subfield>
         <subfield code="a">Yang, Jianhua, 1955-</subfield>
         <subfield code="t">Chun qiu Zhan guo shi qi Zhongguo bei fang wen hua dai de xing cheng.</subfield>
         <subfield code="b">Di 1 ban.</subfield>
         <subfield code="d">Beijing : Wen wu chu ban she, 2004</subfield>
         <subfield code="w">(OCoLC)654958947</subfield>
      </datafield>
      <datafield tag="880" ind1="1" ind2=" ">
         <subfield code="6">100-01/</subfield>
         <subfield code="a">杨建华,</subfield>
         <subfield code="d">1955-</subfield>
      </datafield>
      <datafield tag="880" ind1="1" ind2="0">
         <subfield code="6">245-02/</subfield>
         <subfield code="a">春秋战国时期中国北方文化带的形成 /</subfield>
         <subfield code="c">杨建华著.</subfield>
      </datafield>
      <datafield tag="880" ind1=" " ind2=" ">
         <subfield code="6">250-03/</subfield>
         <subfield code="a">第1版.</subfield>
      </datafield>
      <datafield tag="880" ind1=" " ind2=" ">
         <subfield code="6">260-04/</subfield>
         <subfield code="a">北京 :</subfield>
         <subfield code="b">文物出版社,</subfield>
         <subfield code="c">2004.</subfield>
      </datafield>
      <datafield tag="880" ind1="1" ind2=" ">
         <subfield code="6">490-05/</subfield>
         <subfield code="a">北京大学震旦古代文明硏究中心学术丛书 =</subfield>
         <subfield code="a">Aurora Centre for the Study of Ancient Civilizations, Peking University publication series ;</subfield>
         <subfield code="v">10</subfield>
      </datafield>
      <datafield tag="830" ind1=" " ind2="0">
         <subfield code="a">Beijing da xue zhen dan gu dai wen ming yan jiu zhong xin xue shu cong shu</subfield>
         <subfield code="6">880-06</subfield>
         <subfield code="v">10.</subfield>
      </datafield>
      <datafield tag="880" ind1=" " ind2="0">
         <subfield code="6">830-06/</subfield>
         <subfield code="a">北京大学震旦古代文明硏究中心学术丛书 ;</subfield>
         <subfield code="v">10.</subfield>
      </datafield>
      <datafield tag="994" ind1=" " ind2=" ">
         <subfield code="a">Z0</subfield>
         <subfield code="b">ZYU</subfield>
      </datafield>
      <datafield tag="OWN" ind1=" " ind2=" ">
         <subfield code="a">GENERAL</subfield>
      </datafield>
      <datafield tag="AVA" ind1=" " ind2=" ">
         <subfield code="a">NYU50</subfield>
         <subfield code="b">NISAW</subfield>
         <subfield code="c">Small Collection</subfield>
         <subfield code="d">DS747.15 .Y36 2004</subfield>
         <subfield code="e">available</subfield>
         <subfield code="t">Available</subfield>
         <subfield code="f">1</subfield>
         <subfield code="g">0</subfield>
         <subfield code="h">N</subfield>
         <subfield code="i">0</subfield>
         <subfield code="j">SMALL</subfield>
         <subfield code="k">0</subfield>
      </datafield>
      <marc:datafield tag="852" ind1=" " ind2=" ">
         <marc:subfield code="b">Institute for the Study of the Ancient World, </marc:subfield>
         <marc:subfield code="c">Small Collection</marc:subfield>
         <marc:subfield code="e">15 East 84th St., </marc:subfield>
         <marc:subfield code="e">New York, NY  10028</marc:subfield>
      </marc:datafield>
   </record>