
  
  
  
  
  
 
  
  <record xsi:schemaLocation="http://www.loc.gov/MARC21/slim http://www.loc.gov/standards/marcxml/schema/MARC21slim.xsd">
      <leader>00000nam a22      i 4500</leader>
      <controlfield tag="FMT">BK</controlfield>
      <controlfield tag="LDR">00000nam a22      i 4500</controlfield>
      <controlfield tag="001">004024633</controlfield>
      <controlfield tag="005">20140808114542.0</controlfield>
      <controlfield tag="008">140808s2014    tu a     b    010 0 tur d</controlfield>
      <datafield tag="020" ind1=" " ind2=" ">
         <subfield code="a">9786054701476</subfield>
      </datafield>
      <datafield tag="040" ind1=" " ind2=" ">
         <subfield code="a">NNU</subfield>
         <subfield code="b">eng</subfield>
         <subfield code="c">NNU</subfield>
         <subfield code="e">rda</subfield>
      </datafield>
      <datafield tag="041" ind1="0" ind2=" ">
         <subfield code="a">tur</subfield>
         <subfield code="a">eng</subfield>
      </datafield>
      <datafield tag="043" ind1=" " ind2=" ">
         <subfield code="a">a-tu---</subfield>
      </datafield>
      <datafield tag="050" ind1=" " ind2="4">
         <subfield code="a">CC65</subfield>
         <subfield code="b">.A77 2014</subfield>
      </datafield>
      <datafield tag="245" ind1="0" ind2="0">
         <subfield code="a">Arkeolojiyle Geçen Bir Yaşam Için Yazilar Veli Sevin'e Armaǧan. Scripta /</subfield>
         <subfield code="c">editör Aynur Özfırat = Essays in Honour of Veli Sevin, a Life Immersed in Archaeology /editor Aynur Özfırat</subfield>
      </datafield>
      <datafield tag="246" ind1="3" ind2="1">
         <subfield code="a">Essays in Honour of Veli Sevin, a Life Immersed in Archaeology</subfield>
      </datafield>
      <datafield tag="246" ind1="3" ind2=" ">
         <subfield code="a">Scripta</subfield>
      </datafield>
      <datafield tag="264" ind1=" " ind2="4">
         <subfield code="a">©2014</subfield>
      </datafield>
      <datafield tag="264" ind1=" " ind2="1">
         <subfield code="a">Istanbul :</subfield>
         <subfield code="b">Yayınlari,</subfield>
         <subfield code="c">2014.</subfield>
      </datafield>
      <datafield tag="300" ind1=" " ind2=" ">
         <subfield code="a">xx, 407 pages :</subfield>
         <subfield code="b">illustrations,</subfield>
         <subfield code="c">29 cm</subfield>
      </datafield>
      <datafield tag="336" ind1=" " ind2=" ">
         <subfield code="a">text</subfield>
         <subfield code="2">rdacontent</subfield>
      </datafield>
      <datafield tag="337" ind1=" " ind2=" ">
         <subfield code="a">unmediated</subfield>
         <subfield code="2">rdamedia</subfield>
      </datafield>
      <datafield tag="338" ind1=" " ind2=" ">
         <subfield code="a">volume</subfield>
         <subfield code="2">rdacarrier</subfield>
      </datafield>
      <datafield tag="504" ind1=" " ind2=" ">
         <subfield code="a">Includes bibliographical references.</subfield>
      </datafield>
      <datafield tag="505" ind1="0" ind2="0">
         <subfield code="t">Yükseklerde Arkeoloji Yapmak. Doğu Anadolu Arkeolojisinin Dünü-Bugünü /</subfield>
         <subfield code="r">Mehmet Işıklı --</subfield>
         <subfield code="t">Transcaucasia and the Problem of the Uruk Cultural Phenomenon /</subfield>
         <subfield code="r">Giorgi L. Kavtaradze --</subfield>
         <subfield code="t">Kura-Araxes Culture Complex: A History of Early Research /</subfield>
         <subfield code="r">Antonio Sagona --</subfield>
         <subfield code="t">Archaeological Research of Monuments in the Vicinity of Sirab /</subfield>
         <subfield code="r">Veli Bahşaliyev --</subfield>
         <subfield code="t">From Metsamor to Ugarit: Patterns of Economy and Cultural Contact in Late Bronze Age Armenia</subfield>
         <subfield code="r">Arsen Bobokhyan ;</subfield>
         <subfield code="r">Ruben Davtyan --</subfield>
         <subfield code="t">About Collective Burial Places in Nakhchivan /</subfield>
         <subfield code="r">Bahlul İbragimli --</subfield>
         <subfield code="t">Jafar Abad Kurgan No IV /</subfield>
         <subfield code="r">Farshid Iravani Ghadim --</subfield>
         <subfield code="t">Some Thoughts on the Origins and Background of the Kingdom of Urartu /</subfield>
         <subfield code="r">Charles Burney --</subfield>
         <subfield code="t">Aktaş: Ağrı Dağı’nın Kuzey Eteğinde Aras Vadisi’nde Bir Urartu Kalesi /</subfield>
         <subfield code="r">Aynur Özfırat --</subfield>
         <subfield code="t">Ranking and Distribution of the Urartian Fortifications in Turkey /</subfield>
         <subfield code="r">Raffaele Biscione ;</subfield>
         <subfield code="r">Roberto Dan --</subfield>
         <subfield code="t">Ayanis Kalesi’nde Mısır Mavisi (Egyptian Blue) /</subfield>
         <subfield code="r">Altan Çilingiroğlu --</subfield>
         <subfield code="t">Urartu Kalelerinde Çanak Çömleğin Depolanmasıyla İlgili Uygulamalar /</subfield>
         <subfield code="r">Aylin Ü. Erdem --</subfield>
         <subfield code="t">Helmet and Beard Depicting of Enemies in Urartian Bronze Art /</subfield>
         <subfield code="r">Yervand Grekyan --</subfield>
         <subfield code="t">Libation “Lion/Hand” Bowls: An Overview /</subfield>
         <subfield code="r">Oscar White Muscarella --</subfield>
         <subfield code="t">Of Boats and Biplanes: Enigmatic Doodles at Çarpanak in Lake Van /</subfield>
         <subfield code="r">Geoffrey Summers --</subfield>
      </datafield>
      <datafield tag="505" ind1="0" ind2="0">
         <subfield code="t">Notes on the Post-Urartian (Median) Horizon in NW-Iran and Armenia /</subfield>
         <subfield code="r">Stephan Kroll --</subfield>
         <subfield code="t">Doğu Anadolu’da Bir Post Urartu Formu: Tankard /</subfield>
         <subfield code="r">Hatice Kalkan --</subfield>
         <subfield code="t">Distribution of Nuzi Ware and Its Implication /</subfield>
         <subfield code="r">Hiromichi Oguchi --</subfield>
         <subfield code="t">Demir Çağında Salat Tepe /</subfield>
         <subfield code="r">A. Tuba Ökse ;</subfield>
         <subfield code="r">Ahmet Görmüş --</subfield>
         <subfield code="t">Kavuşan Höyük/Diyarbakır Yeni Assur Dönemi Gömüleri /</subfield>
         <subfield code="r">Gülriz Kozbe --</subfield>
         <subfield code="t">To The East of Hatti /</subfield>
         <subfield code="r">Aram Kosyan --</subfield>
         <subfield code="t">İkiztepe’den Ünik Bir Mızrakucu /</subfield>
         <subfield code="r">Önder Bilgi --</subfield>
         <subfield code="t">Kuzey-Orta Anadolu’da Yeni Bir Arkeolojik Keşif: Oluz Höyük Kubaba (Matar Kubileya) Tapınağı (Kızılırmak Kavsi İçinde Ana Tanrıça İle İlgili Güncel Bulgular) /</subfield>
         <subfield code="r">Şevket Dönmez --</subfield>
         <subfield code="t">İzmir-Yeşilova Höyüğü Neolitik Mühürleri /</subfield>
         <subfield code="r">Zafer Derin --</subfield>
         <subfield code="t">Troy and Ebla: Cognitive Links Between Two Ancient Capitals /</subfield>
         <subfield code="r">Arsen Bobokhyan --</subfield>
         <subfield code="t">Beycesultan’dan Ayak Biçimli Bir Riton /</subfield>
         <subfield code="r">Eşref Abay --</subfield>
         <subfield code="t">Anadolu’da Kültürel Devamlılığa Manisa’dan Bir Örnek; Niobe Mitolojisinden Yedi Kızlara /</subfield>
         <subfield code="r">Engin Akdeniz ;</subfield>
         <subfield code="r">Safiye Akdeniz --</subfield>
         <subfield code="t">Afrodisias’taki Semitik Kültler Üzerine Bazı Düşünceler /</subfield>
         <subfield code="r">Ferudun Özgümüş --</subfield>
         <subfield code="t">Antik Çağ ve Sonrasında Civa-Zencefre Kullanımı ve Neikaia Kenti /</subfield>
         <subfield code="r">Necla Arslan Sevin --</subfield>
         <subfield code="t">Some Hellenistic Weights in the Çanakkale Museum /</subfield>
         <subfield code="r">Oğuz Tekin --</subfield>
         <subfield code="t">Learning and Literacy at Byzantine Amorium /</subfield>
         <subfield code="r">Christopher S. Lightfoot --</subfield>
         <subfield code="t">Arkeolojik Alanlarda Alan Yönetimi Planlamasının Hukuksal ve Kurumsal Açıdan Değerlendirilmesi /</subfield>
         <subfield code="r">Müge Savrum Kortanoğlu --</subfield>
         <subfield code="t">Karagündüz Ortaçağ İnsanlarında Diş Çürüğü” /</subfield>
         <subfield code="r">Pınar Gözlük Kırmızıoğlu ;</subfield>
         <subfield code="r">Erol, Ayla Sevim.</subfield>
      </datafield>
      <datafield tag="650" ind1=" " ind2="0">
         <subfield code="a">Archaeology.</subfield>
      </datafield>
      <datafield tag="650" ind1=" " ind2="0">
         <subfield code="a">Antiquities.</subfield>
      </datafield>
      <datafield tag="700" ind1="1" ind2=" ">
         <subfield code="a">Özfırat, Aynur.</subfield>
      </datafield>
      <datafield tag="700" ind1="1" ind2=" ">
         <subfield code="a">Sevin, Veli.</subfield>
      </datafield>
      <datafield tag="700" ind1="1" ind2=" ">
         <subfield code="a">Işıklı, Mehmet,</subfield>
         <subfield code="d">1968-</subfield>
      </datafield>
      <datafield tag="700" ind1="1" ind2=" ">
         <subfield code="a">Kʻavtʻaraże, Giorgi.</subfield>
      </datafield>
      <datafield tag="700" ind1="1" ind2=" ">
         <subfield code="a">Sagona, A. G.</subfield>
      </datafield>
      <datafield tag="700" ind1="1" ind2=" ">
         <subfield code="a">Baxşäliyev, Väli.</subfield>
      </datafield>
      <datafield tag="700" ind1="1" ind2=" ">
         <subfield code="a">Bobokhyan, Arsen.</subfield>
      </datafield>
      <datafield tag="700" ind1="1" ind2=" ">
         <subfield code="a">Davtyan, Ruben.</subfield>
      </datafield>
      <datafield tag="700" ind1="1" ind2=" ">
         <subfield code="a">İbragimli, Bahlul.</subfield>
      </datafield>
      <datafield tag="700" ind1="1" ind2=" ">
         <subfield code="a">Iravani Ghadim Farshid.</subfield>
      </datafield>
      <datafield tag="700" ind1="1" ind2=" ">
         <subfield code="a">Burney Charles Allen.</subfield>
      </datafield>
      <datafield tag="700" ind1="1" ind2=" ">
         <subfield code="a">Biscione, Raffaele.</subfield>
      </datafield>
      <datafield tag="700" ind1="1" ind2=" ">
         <subfield code="a">Dan, Roberto.</subfield>
      </datafield>
      <datafield tag="700" ind1="1" ind2=" ">
         <subfield code="a">Çilingiroğlu, Altan.</subfield>
      </datafield>
      <datafield tag="700" ind1="1" ind2=" ">
         <subfield code="a">Erdem, Aylin Ü.</subfield>
      </datafield>
      <datafield tag="700" ind1="1" ind2=" ">
         <subfield code="a">Grekyan, Yervand.</subfield>
      </datafield>
      <datafield tag="700" ind1="1" ind2=" ">
         <subfield code="a">Muscarella, Oscar White.</subfield>
      </datafield>
      <datafield tag="700" ind1="1" ind2=" ">
         <subfield code="a">Summers, G. D.</subfield>
         <subfield code="q">(Geoffrey D.)</subfield>
      </datafield>
      <datafield tag="700" ind1="1" ind2=" ">
         <subfield code="a">Kroll, Stephan.</subfield>
      </datafield>
      <datafield tag="700" ind1="1" ind2=" ">
         <subfield code="a">Kalkan, Hatice.</subfield>
      </datafield>
      <datafield tag="700" ind1="1" ind2=" ">
         <subfield code="a">Oguchi, Hiromichi.</subfield>
      </datafield>
      <datafield tag="700" ind1="1" ind2=" ">
         <subfield code="a">Ökse, Tuba.</subfield>
      </datafield>
      <datafield tag="700" ind1="1" ind2=" ">
         <subfield code="a">Görmüş, Ahmet.</subfield>
      </datafield>
      <datafield tag="700" ind1="1" ind2=" ">
         <subfield code="a">Kozbe, Gülriz.</subfield>
      </datafield>
      <datafield tag="700" ind1="1" ind2=" ">
         <subfield code="a">Kosyan, Aram.</subfield>
      </datafield>
      <datafield tag="700" ind1="1" ind2=" ">
         <subfield code="a">Bilgi, Önder,</subfield>
         <subfield code="d">1939-</subfield>
      </datafield>
      <datafield tag="700" ind1="1" ind2=" ">
         <subfield code="a">Dönmez, Şevket.</subfield>
      </datafield>
      <datafield tag="700" ind1="1" ind2=" ">
         <subfield code="a">Derin, Zafer.</subfield>
      </datafield>
      <datafield tag="700" ind1="1" ind2=" ">
         <subfield code="a">Abay, Eşref,</subfield>
         <subfield code="d">1962-</subfield>
      </datafield>
      <datafield tag="700" ind1="1" ind2=" ">
         <subfield code="a">Akdeniz, Engin.</subfield>
      </datafield>
      <datafield tag="700" ind1="1" ind2=" ">
         <subfield code="a">Akdeniz, Safiye.</subfield>
      </datafield>
      <datafield tag="700" ind1="1" ind2=" ">
         <subfield code="a">Özgümüş, Ferudun.</subfield>
      </datafield>
      <datafield tag="700" ind1="1" ind2=" ">
         <subfield code="a">Sevin, Necla Arslan.</subfield>
      </datafield>
      <datafield tag="700" ind1="1" ind2=" ">
         <subfield code="a">Tekin, Oğuz.</subfield>
      </datafield>
      <datafield tag="700" ind1="1" ind2=" ">
         <subfield code="a">Lightfoot, C. S.</subfield>
         <subfield code="q">(Chris S.)</subfield>
      </datafield>
      <datafield tag="700" ind1="1" ind2=" ">
         <subfield code="a">Kortanoğlu, Müge Savrum.</subfield>
      </datafield>
      <datafield tag="700" ind1="1" ind2=" ">
         <subfield code="a">Kırmızıoğlu, Pınar Gözlük.</subfield>
      </datafield>
      <datafield tag="700" ind1="1" ind2=" ">
         <subfield code="a">Erol, Aliye.</subfield>
      </datafield>
      <datafield tag="OWN" ind1=" " ind2=" ">
         <subfield code="a">GENERAL</subfield>
      </datafield>
      <datafield tag="AVA" ind1=" " ind2=" ">
         <subfield code="a">NYU50</subfield>
         <subfield code="b">NISAW</subfield>
         <subfield code="c">Oversize Collection</subfield>
         <subfield code="d">CC65 .A77 2014</subfield>
         <subfield code="e">available</subfield>
         <subfield code="t">Available</subfield>
         <subfield code="f">1</subfield>
         <subfield code="g">0</subfield>
         <subfield code="h">N</subfield>
         <subfield code="i">0</subfield>
         <subfield code="j">OVERZ</subfield>
         <subfield code="k">0</subfield>
      </datafield>
      <marc:datafield tag="852" ind1=" " ind2=" ">
         <marc:subfield code="b">Institute for the Study of the Ancient World, </marc:subfield>
         <marc:subfield code="c">Oversize Collection</marc:subfield>
         <marc:subfield code="e">15 East 84th St., </marc:subfield>
         <marc:subfield code="e">New York, NY  10028</marc:subfield>
      </marc:datafield>
   </record>