
  
  
  
  
  
 
  
  <record xsi:schemaLocation="http://www.loc.gov/MARC21/slim http://www.loc.gov/standards/marcxml/schema/MARC21slim.xsd">
      <leader>00000cam a2200349 a 4500</leader>
      <controlfield tag="FMT">BK</controlfield>
      <controlfield tag="LDR">00000cam a2200349 a 4500</controlfield>
      <controlfield tag="001">002005252</controlfield>
      <controlfield tag="003">NNU</controlfield>
      <controlfield tag="005">20140812105147.0</controlfield>
      <controlfield tag="008">770330m19161918enka     b    001 0 eng</controlfield>
      <datafield tag="010" ind1=" " ind2=" ">
         <subfield code="a">17000015</subfield>
      </datafield>
      <datafield tag="020" ind1=" " ind2=" ">
         <subfield code="a">9780674990951</subfield>
      </datafield>
      <datafield tag="020" ind1=" " ind2=" ">
         <subfield code="a">9780674990944</subfield>
      </datafield>
      <datafield tag="020" ind1=" " ind2=" ">
         <subfield code="a">9780674990753</subfield>
      </datafield>
      <datafield tag="020" ind1=" " ind2=" ">
         <subfield code="a">9780674990937</subfield>
      </datafield>
      <datafield tag="020" ind1=" " ind2=" ">
         <subfield code="a">9780674990746</subfield>
      </datafield>
      <datafield tag="035" ind1=" " ind2=" ">
         <subfield code="a">(CStRLIN)NYUG2848020-B</subfield>
      </datafield>
      <datafield tag="035" ind1=" " ind2=" ">
         <subfield code="a">GLIS001720951</subfield>
      </datafield>
      <datafield tag="035" ind1="9" ind2=" ">
         <subfield code="a">NYUb10954186</subfield>
      </datafield>
      <datafield tag="040" ind1=" " ind2=" ">
         <subfield code="a">DLC</subfield>
         <subfield code="c">VtU</subfield>
         <subfield code="d">VtU</subfield>
         <subfield code="d">NNU</subfield>
         <subfield code="d">CStRLIN</subfield>
         <subfield code="d">NNU</subfield>
      </datafield>
      <datafield tag="041" ind1="1" ind2=" ">
         <subfield code="a">eng</subfield>
         <subfield code="a">grc</subfield>
         <subfield code="h">grc</subfield>
      </datafield>
      <datafield tag="050" ind1=" " ind2="4">
         <subfield code="a">PA3611</subfield>
         <subfield code="b">.A26 1916</subfield>
      </datafield>
      <datafield tag="050" ind1=" " ind2="4">
         <subfield code="a">PA3612.A2</subfield>
         <subfield code="b">A25 1916</subfield>
      </datafield>
      <datafield tag="090" ind1=" " ind2=" ">
         <subfield code="i">11/16/83 T</subfield>
      </datafield>
      <datafield tag="130" ind1="0" ind2=" ">
         <subfield code="a">Greek anthology.</subfield>
         <subfield code="l">English &amp; Greek.</subfield>
      </datafield>
      <datafield tag="245" ind1="1" ind2="4">
         <subfield code="a">The Greek anthology /</subfield>
         <subfield code="c">with an English translation by W. R. Paton.</subfield>
      </datafield>
      <datafield tag="260" ind1=" " ind2=" ">
         <subfield code="a">London :</subfield>
         <subfield code="b">W. Heinemann ;</subfield>
         <subfield code="a">New York :</subfield>
         <subfield code="b">G. P. Putnam's Sons,</subfield>
         <subfield code="c">1916-1918.</subfield>
      </datafield>
      <datafield tag="300" ind1=" " ind2=" ">
         <subfield code="a">5 v. :</subfield>
         <subfield code="b">ill. ;</subfield>
         <subfield code="c">17 cm.</subfield>
      </datafield>
      <datafield tag="490" ind1="1" ind2=" ">
         <subfield code="a">The Loeb classical library ;</subfield>
         <subfield code="v">67-68, 84-86</subfield>
      </datafield>
      <datafield tag="546" ind1=" " ind2=" ">
         <subfield code="a">Greek with English translation on opposite pages.</subfield>
      </datafield>
      <datafield tag="500" ind1=" " ind2=" ">
         <subfield code="a">Publisher varies: later printings issued by Harvard University Press, Cambridge, Mass. (either alone or jointly with Heinemann, London).</subfield>
      </datafield>
      <datafield tag="500" ind1=" " ind2=" ">
         <subfield code="a">Later printings of v. 1 include a text revised 1993, and v. 4 a text revised 1971 and 1979.</subfield>
      </datafield>
      <datafield tag="504" ind1=" " ind2=" ">
         <subfield code="a">Includes bibliographical references and index.</subfield>
      </datafield>
      <datafield tag="505" ind1="1" ind2="0">
         <subfield code="a">Declamatory epigrams.</subfield>
         <subfield code="g">v. 1.</subfield>
         <subfield code="t">Chronological list of the more important books containing verse translations from the Greek anthology --</subfield>
         <subfield code="g">Book 1.</subfield>
         <subfield code="t">Christian epigrams.</subfield>
         <subfield code="g">Book 2.</subfield>
         <subfield code="t">Christodorus of Thebes in Egypt.</subfield>
         <subfield code="g">Book 3.</subfield>
         <subfield code="t">Cyzicene epigrams.</subfield>
         <subfield code="g">Book 4.</subfield>
         <subfield code="t">Proems of the different anthologies.</subfield>
         <subfield code="g">Book 5.</subfield>
         <subfield code="t">Amatory epigrams.</subfield>
         <subfield code="g">Book 6.</subfield>
         <subfield code="t">Dedicatory epigrams --</subfield>
         <subfield code="g">v. 2.</subfield>
         <subfield code="g">Book 7.</subfield>
         <subfield code="t">Sepulchral epigrams.</subfield>
         <subfield code="g">Book 8.</subfield>
         <subfield code="t">Epigrams of Saint Gregory the Theologian --</subfield>
         <subfield code="g">v. 3.</subfield>
         <subfield code="g">Book 9.</subfield>
         <subfield code="t">Declamatory epigrams --</subfield>
         <subfield code="g">v. 4.</subfield>
         <subfield code="g">Book 10.</subfield>
         <subfield code="t">Hortatory and admonitroy epigrams.</subfield>
         <subfield code="g">Book 11.</subfield>
         <subfield code="t">Convivial and satirical epigrams.</subfield>
         <subfield code="g">Book 12.</subfield>
         <subfield code="t">Strato's Musa Puerilis --</subfield>
         <subfield code="g">v. 5.</subfield>
         <subfield code="g">Book 13.</subfield>
         <subfield code="t">Epigrams in various metres.</subfield>
         <subfield code="g">Book 14.</subfield>
         <subfield code="t">Arithmetical problems, riddles, oracles.</subfield>
         <subfield code="g">Book 15.</subfield>
         <subfield code="t">Miscellanea.</subfield>
         <subfield code="g">Book 16.</subfield>
         <subfield code="t">Epigrams of the Planudean Anthology not in the Palatine Manuscript.</subfield>
      </datafield>
      <datafield tag="650" ind1=" " ind2="0">
         <subfield code="a">Greek poetry</subfield>
         <subfield code="v">Translations into English.</subfield>
      </datafield>
      <datafield tag="700" ind1="1" ind2=" ">
         <subfield code="a">Paton, W. R.</subfield>
         <subfield code="q">(William Roger),</subfield>
         <subfield code="d">1857-1921.</subfield>
      </datafield>
      <datafield tag="830" ind1=" " ind2="0">
         <subfield code="a">Loeb classical library ;</subfield>
         <subfield code="v">67.</subfield>
      </datafield>
      <datafield tag="830" ind1=" " ind2="0">
         <subfield code="a">Loeb classical library ;</subfield>
         <subfield code="v">68.</subfield>
      </datafield>
      <datafield tag="830" ind1=" " ind2="0">
         <subfield code="a">Loeb classical library ;</subfield>
         <subfield code="v">84.</subfield>
      </datafield>
      <datafield tag="830" ind1=" " ind2="0">
         <subfield code="a">Loeb classical library ;</subfield>
         <subfield code="v">85.</subfield>
      </datafield>
      <datafield tag="830" ind1=" " ind2="0">
         <subfield code="a">Loeb classical library ;</subfield>
         <subfield code="v">86.</subfield>
      </datafield>
      <datafield tag="830" ind1=" " ind2="0">
         <subfield code="a">Loeb classical library.</subfield>
      </datafield>
      <datafield tag="OWN" ind1=" " ind2=" ">
         <subfield code="a">GENERAL</subfield>
      </datafield>
      <datafield tag="AVA" ind1=" " ind2=" ">
         <subfield code="a">NYU52</subfield>
         <subfield code="b">NSHNG</subfield>
         <subfield code="c">Main Collection</subfield>
         <subfield code="d">PA3611 .A2</subfield>
         <subfield code="e">unavailable</subfield>
         <subfield code="t">Unavailable</subfield>
         <subfield code="f">6</subfield>
         <subfield code="g">6</subfield>
         <subfield code="h">Y</subfield>
         <subfield code="i">0</subfield>
         <subfield code="j">MAIN</subfield>
         <subfield code="k">0</subfield>
      </datafield>
      <datafield tag="AVA" ind1=" " ind2=" ">
         <subfield code="a">NYU51</subfield>
         <subfield code="b">NABUD</subfield>
         <subfield code="c">Loeb Collection</subfield>
         <subfield code="d">PA3623.A5 P38 1916</subfield>
         <subfield code="e">available</subfield>
         <subfield code="t">Available</subfield>
         <subfield code="f">5</subfield>
         <subfield code="g">0</subfield>
         <subfield code="h">Y</subfield>
         <subfield code="i">0</subfield>
         <subfield code="j">LOEB</subfield>
         <subfield code="k">0</subfield>
      </datafield>
      <datafield tag="AVA" ind1=" " ind2=" ">
         <subfield code="a">NYU50</subfield>
         <subfield code="b">BOBST</subfield>
         <subfield code="c">Main Collection</subfield>
         <subfield code="d">PA3611 .A2</subfield>
         <subfield code="e">check_holdings</subfield>
         <subfield code="t">Check Holdings</subfield>
         <subfield code="h">Y</subfield>
         <subfield code="j">MAIN</subfield>
         <subfield code="k">0</subfield>
      </datafield>
      <datafield tag="AVA" ind1=" " ind2=" ">
         <subfield code="a">NYU50</subfield>
         <subfield code="b">NIFA</subfield>
         <subfield code="c">Classical</subfield>
         <subfield code="d">PA3611 .A2 Non-circulating</subfield>
         <subfield code="e">available</subfield>
         <subfield code="t">Available</subfield>
         <subfield code="f">5</subfield>
         <subfield code="g">0</subfield>
         <subfield code="h">Y</subfield>
         <subfield code="i">0</subfield>
         <subfield code="j">CLASS</subfield>
         <subfield code="k">0</subfield>
      </datafield>
      <datafield tag="AVA" ind1=" " ind2=" ">
         <subfield code="a">NYU50</subfield>
         <subfield code="b">NISAW</subfield>
         <subfield code="c">Reference 3 Collection</subfield>
         <subfield code="d">PA3612.A2 A25 1916</subfield>
         <subfield code="e">available</subfield>
         <subfield code="t">Available</subfield>
         <subfield code="f">5</subfield>
         <subfield code="g">0</subfield>
         <subfield code="h">Y</subfield>
         <subfield code="i">0</subfield>
         <subfield code="j">REF3</subfield>
         <subfield code="k">0</subfield>
      </datafield>
      <marc:datafield tag="852" ind1=" " ind2=" ">
         <marc:subfield code="b">Institute for the Study of the Ancient World, </marc:subfield>
         <marc:subfield code="c">Reference 3 Collection</marc:subfield>
         <marc:subfield code="e">15 East 84th St., </marc:subfield>
         <marc:subfield code="e">New York, NY  10028</marc:subfield>
      </marc:datafield>
      <datafield tag="AVA" ind1=" " ind2=" ">
         <subfield code="a">NYU50</subfield>
         <subfield code="b">TNSFO</subfield>
         <subfield code="c">Main Collection</subfield>
         <subfield code="d">PA3611 .A2</subfield>
         <subfield code="e">unavailable</subfield>
         <subfield code="t">Unavailable</subfield>
         <subfield code="f">4</subfield>
         <subfield code="g">4</subfield>
         <subfield code="h">Y</subfield>
         <subfield code="i">0</subfield>
         <subfield code="j">MAIN</subfield>
         <subfield code="k">0</subfield>
      </datafield>
   </record>