
  
  
  
  
  
 
  
  <record xsi:schemaLocation="http://www.loc.gov/MARC21/slim http://www.loc.gov/standards/marcxml/schema/MARC21slim.xsd">
      <leader>00000cam a2200841 a 4500</leader>
      <controlfield tag="FMT">BK</controlfield>
      <controlfield tag="LDR">00000cam a2200841 a 4500</controlfield>
      <controlfield tag="001">004026232</controlfield>
      <controlfield tag="003">OCoLC</controlfield>
      <controlfield tag="005">20140814105003.0</controlfield>
      <controlfield tag="008">140814s1996    ne       b    001 0 fre</controlfield>
      <datafield tag="010" ind1=" " ind2=" ">
         <subfield code="a">95047548</subfield>
      </datafield>
      <datafield tag="015" ind1=" " ind2=" ">
         <subfield code="a">96,A37,1069</subfield>
         <subfield code="2">dnb</subfield>
      </datafield>
      <datafield tag="015" ind1=" " ind2=" ">
         <subfield code="a">96,N03,0447</subfield>
         <subfield code="2">dnb</subfield>
      </datafield>
      <datafield tag="020" ind1=" " ind2=" ">
         <subfield code="a">9004104364 (cloth : alk. paper)</subfield>
      </datafield>
      <datafield tag="020" ind1=" " ind2=" ">
         <subfield code="a">9789004104365 (cloth : alk. paper)</subfield>
      </datafield>
      <datafield tag="035" ind1=" " ind2=" ">
         <subfield code="a">(OCoLC)33439982</subfield>
      </datafield>
      <datafield tag="040" ind1=" " ind2=" ">
         <subfield code="a">DLC</subfield>
         <subfield code="b">eng</subfield>
         <subfield code="c">DLC</subfield>
         <subfield code="d">TJM</subfield>
         <subfield code="d">BAKER</subfield>
         <subfield code="d">NLGGC</subfield>
         <subfield code="d">LVB</subfield>
         <subfield code="d">YDXCP</subfield>
         <subfield code="d">HEBIS</subfield>
         <subfield code="d">OCLCQ</subfield>
         <subfield code="d">ZWZ</subfield>
         <subfield code="d">UPX</subfield>
         <subfield code="d">OCLCF</subfield>
         <subfield code="d">NNU</subfield>
      </datafield>
      <datafield tag="050" ind1="0" ind2="0">
         <subfield code="a">QP121</subfield>
         <subfield code="b">.D35 1996</subfield>
      </datafield>
      <datafield tag="066" ind1=" " ind2=" ">
         <subfield code="c">(S</subfield>
      </datafield>
      <datafield tag="082" ind1="0" ind2="0">
         <subfield code="a">612.2/09</subfield>
         <subfield code="2">20</subfield>
      </datafield>
      <datafield tag="084" ind1=" " ind2=" ">
         <subfield code="a">18.43</subfield>
         <subfield code="2">bcl</subfield>
      </datafield>
      <datafield tag="084" ind1=" " ind2=" ">
         <subfield code="a">44.37</subfield>
         <subfield code="2">bcl</subfield>
      </datafield>
      <datafield tag="100" ind1="1" ind2=" ">
         <subfield code="a">Debru, Armelle.</subfield>
      </datafield>
      <datafield tag="245" ind1="1" ind2="3">
         <subfield code="a">Le corps respirant :</subfield>
         <subfield code="b">la pensée physiologique chez Galien /</subfield>
         <subfield code="c">par Armelle Debru.</subfield>
      </datafield>
      <datafield tag="260" ind1=" " ind2=" ">
         <subfield code="a">Leiden ;</subfield>
         <subfield code="a">New York :</subfield>
         <subfield code="b">E.J. Brill,</subfield>
         <subfield code="c">1996.</subfield>
      </datafield>
      <datafield tag="300" ind1=" " ind2=" ">
         <subfield code="a">viii, 302 p. ;</subfield>
         <subfield code="c">25 cm.</subfield>
      </datafield>
      <datafield tag="490" ind1="1" ind2=" ">
         <subfield code="a">Studies in ancient medicine,</subfield>
         <subfield code="x">0925-1421 ;</subfield>
         <subfield code="v">v. 13</subfield>
      </datafield>
      <datafield tag="500" ind1=" " ind2=" ">
         <subfield code="a">Includes indexes.</subfield>
      </datafield>
      <datafield tag="504" ind1=" " ind2=" ">
         <subfield code="a">Bibliography: p. [273]-288.</subfield>
      </datafield>
      <datafield tag="650" ind1=" " ind2="0">
         <subfield code="a">Respiration</subfield>
         <subfield code="x">History.</subfield>
      </datafield>
      <datafield tag="650" ind1=" " ind2="0">
         <subfield code="a">Medicine, Greek and Roman.</subfield>
      </datafield>
      <datafield tag="600" ind1="0" ind2="0">
         <subfield code="a">Galen.</subfield>
      </datafield>
      <datafield tag="600" ind1="0" ind2="2">
         <subfield code="a">Galen.</subfield>
      </datafield>
      <datafield tag="650" ind1=" " ind2="2">
         <subfield code="a">History of Medicine, Ancient.</subfield>
      </datafield>
      <datafield tag="650" ind1=" " ind2="2">
         <subfield code="a">Respiration</subfield>
         <subfield code="x">physiology.</subfield>
      </datafield>
      <datafield tag="650" ind1=" " ind2="7">
         <subfield code="a">Medicine, Greek and Roman.</subfield>
         <subfield code="2">fast</subfield>
         <subfield code="0">(OCoLC)fst01015251</subfield>
      </datafield>
      <datafield tag="650" ind1=" " ind2="7">
         <subfield code="a">Respiration.</subfield>
         <subfield code="2">fast</subfield>
         <subfield code="0">(OCoLC)fst01095694</subfield>
      </datafield>
      <datafield tag="655" ind1=" " ind2="7">
         <subfield code="a">History.</subfield>
         <subfield code="2">fast</subfield>
         <subfield code="0">(OCoLC)fst01411628</subfield>
      </datafield>
      <datafield tag="880" ind1="1" ind2="4">
         <subfield code="6">600-00/</subfield>
         <subfield code="a">Γαλñνος.</subfield>
      </datafield>
      <datafield tag="830" ind1=" " ind2="0">
         <subfield code="a">Studies in ancient medicine ;</subfield>
         <subfield code="v">v. 13.</subfield>
      </datafield>
      <datafield tag="994" ind1=" " ind2=" ">
         <subfield code="a">Z0</subfield>
         <subfield code="b">ZYU</subfield>
      </datafield>
      <datafield tag="OWN" ind1=" " ind2=" ">
         <subfield code="a">GENERAL</subfield>
      </datafield>
      <datafield tag="936" ind1=" " ind2=" ">
         <subfield code="a">PR 708341612</subfield>
      </datafield>
      <datafield tag="AVA" ind1=" " ind2=" ">
         <subfield code="a">NYU50</subfield>
         <subfield code="b">NISAW</subfield>
         <subfield code="c">Small Collection</subfield>
         <subfield code="d">QP121 .D35 1996</subfield>
         <subfield code="e">available</subfield>
         <subfield code="t">Available</subfield>
         <subfield code="f">1</subfield>
         <subfield code="g">0</subfield>
         <subfield code="h">N</subfield>
         <subfield code="i">0</subfield>
         <subfield code="j">SMALL</subfield>
         <subfield code="k">0</subfield>
      </datafield>
      <marc:datafield tag="852" ind1=" " ind2=" ">
         <marc:subfield code="b">Institute for the Study of the Ancient World, </marc:subfield>
         <marc:subfield code="c">Small Collection</marc:subfield>
         <marc:subfield code="e">15 East 84th St., </marc:subfield>
         <marc:subfield code="e">New York, NY  10028</marc:subfield>
      </marc:datafield>
   </record>