
  
  
  
  
  
 
  
  <record xsi:schemaLocation="http://www.loc.gov/MARC21/slim http://www.loc.gov/standards/marcxml/schema/MARC21slim.xsd">
      <leader>00000cam  2200505 a 4500</leader>
      <controlfield tag="FMT">BK</controlfield>
      <controlfield tag="LDR">00000cam  2200505 a 4500</controlfield>
      <controlfield tag="001">004026241</controlfield>
      <controlfield tag="003">OCoLC</controlfield>
      <controlfield tag="005">20141006125130.0</controlfield>
      <controlfield tag="008">140814s2012    cc a     b    000 0 chi d</controlfield>
      <datafield tag="020" ind1=" " ind2=" ">
         <subfield code="a">9787501035038</subfield>
      </datafield>
      <datafield tag="020" ind1=" " ind2=" ">
         <subfield code="a">7501035032</subfield>
      </datafield>
      <datafield tag="035" ind1=" " ind2=" ">
         <subfield code="a">(OCoLC)844719309</subfield>
      </datafield>
      <datafield tag="040" ind1=" " ind2=" ">
         <subfield code="a">BCBTC</subfield>
         <subfield code="b">eng</subfield>
         <subfield code="c">BCBTC</subfield>
         <subfield code="d">CLU</subfield>
         <subfield code="d">NNU</subfield>
      </datafield>
      <datafield tag="041" ind1="0" ind2=" ">
         <subfield code="a">chi</subfield>
         <subfield code="f">eng</subfield>
      </datafield>
      <datafield tag="043" ind1=" " ind2=" ">
         <subfield code="a">a-cc---</subfield>
         <subfield code="a">a-cc-ka</subfield>
      </datafield>
      <datafield tag="050" ind1=" " ind2="4">
         <subfield code="a">ND2849.Y85</subfield>
         <subfield code="b">A52 2012</subfield>
      </datafield>
      <datafield tag="066" ind1=" " ind2=" ">
         <subfield code="c">$1</subfield>
      </datafield>
      <datafield tag="245" ind1="0" ind2="0">
         <subfield code="6">880-01</subfield>
         <subfield code="a">Anxi Yulin ku /</subfield>
         <subfield code="c">Dunhuang yan jiu yuan bian.</subfield>
      </datafield>
      <datafield tag="246" ind1="1" ind2=" ">
         <subfield code="i">Table of contents in English with title:</subfield>
         <subfield code="a">Yulinku grottoes</subfield>
      </datafield>
      <datafield tag="250" ind1=" " ind2=" ">
         <subfield code="6">880-02</subfield>
         <subfield code="a">Di 2 ban.</subfield>
      </datafield>
      <datafield tag="260" ind1=" " ind2=" ">
         <subfield code="6">880-03</subfield>
         <subfield code="a">Beijing :</subfield>
         <subfield code="b">Wen wu chu ban she,</subfield>
         <subfield code="c">2012.</subfield>
      </datafield>
      <datafield tag="300" ind1=" " ind2=" ">
         <subfield code="a">281 p. :</subfield>
         <subfield code="b">ill. (some col.) ;</subfield>
         <subfield code="c">31 cm.</subfield>
      </datafield>
      <datafield tag="490" ind1="1" ind2=" ">
         <subfield code="6">880-04</subfield>
         <subfield code="a">Zhongguo shi ku =</subfield>
         <subfield code="a">Grotto art of China</subfield>
      </datafield>
      <datafield tag="546" ind1=" " ind2=" ">
         <subfield code="a">Table of conents also in English.</subfield>
      </datafield>
      <datafield tag="504" ind1=" " ind2=" ">
         <subfield code="a">Includes bibliographical references.</subfield>
      </datafield>
      <datafield tag="500" ind1=" " ind2=" ">
         <subfield code="a">With duplicated plated from no.169-188.</subfield>
      </datafield>
      <datafield tag="650" ind1=" " ind2="0">
         <subfield code="a">Mural painting and decoration, Chinese</subfield>
         <subfield code="z">China</subfield>
         <subfield code="z">Yulin Caves.</subfield>
      </datafield>
      <datafield tag="650" ind1=" " ind2="0">
         <subfield code="a">Buddhist mural painting and decoration</subfield>
         <subfield code="z">China</subfield>
         <subfield code="z">Yulin Caves.</subfield>
      </datafield>
      <datafield tag="650" ind1=" " ind2="0">
         <subfield code="a">Mural painting and decoration, Chinese</subfield>
         <subfield code="y">Tang-Five dynasties, 618-960.</subfield>
      </datafield>
      <datafield tag="650" ind1=" " ind2="0">
         <subfield code="a">Mural painting and decoration, Chinese</subfield>
         <subfield code="y">Song-Yuan dynasties, 960-1368.</subfield>
      </datafield>
      <datafield tag="651" ind1=" " ind2="0">
         <subfield code="6">880-05</subfield>
         <subfield code="a">Anxi Xian (China)</subfield>
         <subfield code="x">Antiquities.</subfield>
      </datafield>
      <datafield tag="710" ind1="2" ind2=" ">
         <subfield code="a">Dunhuang yan jiu yuan (China)</subfield>
         <subfield code="6">880-06</subfield>
      </datafield>
      <datafield tag="880" ind1="0" ind2="0">
         <subfield code="6">245-01/</subfield>
         <subfield code="a">安西榆林窟 /</subfield>
         <subfield code="c">敦煌研究院編.</subfield>
      </datafield>
      <datafield tag="880" ind1=" " ind2=" ">
         <subfield code="6">250-02/</subfield>
         <subfield code="a">第2版.</subfield>
      </datafield>
      <datafield tag="880" ind1=" " ind2=" ">
         <subfield code="6">260-03/</subfield>
         <subfield code="a">北京 :</subfield>
         <subfield code="b">文物出版社,</subfield>
         <subfield code="c">2012.</subfield>
      </datafield>
      <datafield tag="880" ind1="1" ind2=" ">
         <subfield code="6">490-04/</subfield>
         <subfield code="a">中国石窟 =</subfield>
         <subfield code="a">Grotto art of China</subfield>
      </datafield>
      <datafield tag="880" ind1=" " ind2="4">
         <subfield code="6">651-05/</subfield>
         <subfield code="a">安西縣 (China)</subfield>
         <subfield code="x">Antiquities.</subfield>
      </datafield>
      <datafield tag="880" ind1="2" ind2=" ">
         <subfield code="6">710-06/</subfield>
         <subfield code="a">敦煌研究院 (China)</subfield>
      </datafield>
      <datafield tag="830" ind1=" " ind2="0">
         <subfield code="a">Zhongguo shi ku</subfield>
         <subfield code="6">880-07</subfield>
      </datafield>
      <datafield tag="880" ind1=" " ind2="0">
         <subfield code="6">830-07/</subfield>
         <subfield code="a">中國石窟.</subfield>
      </datafield>
      <datafield tag="994" ind1=" " ind2=" ">
         <subfield code="a">Z0</subfield>
         <subfield code="b">ZYU</subfield>
      </datafield>
      <datafield tag="OWN" ind1=" " ind2=" ">
         <subfield code="a">GENERAL</subfield>
      </datafield>
      <datafield tag="AVA" ind1=" " ind2=" ">
         <subfield code="a">NYU50</subfield>
         <subfield code="b">NISAW</subfield>
         <subfield code="c">Large Collection</subfield>
         <subfield code="d">ND2849.Y85 A52 2012</subfield>
         <subfield code="e">available</subfield>
         <subfield code="t">Available</subfield>
         <subfield code="f">1</subfield>
         <subfield code="g">0</subfield>
         <subfield code="h">N</subfield>
         <subfield code="i">0</subfield>
         <subfield code="j">LARGE</subfield>
         <subfield code="k">0</subfield>
      </datafield>
      <marc:datafield tag="852" ind1=" " ind2=" ">
         <marc:subfield code="b">Institute for the Study of the Ancient World, </marc:subfield>
         <marc:subfield code="c">Large Collection</marc:subfield>
         <marc:subfield code="e">15 East 84th St., </marc:subfield>
         <marc:subfield code="e">New York, NY  10028</marc:subfield>
      </marc:datafield>
   </record>