
  
  
  
  
  
 
  
  <record xsi:schemaLocation="http://www.loc.gov/MARC21/slim http://www.loc.gov/standards/marcxml/schema/MARC21slim.xsd">
      <leader>00000nam a22      i 4500</leader>
      <controlfield tag="FMT">BK</controlfield>
      <controlfield tag="LDR">00000nam a22      i 4500</controlfield>
      <controlfield tag="001">004026259</controlfield>
      <controlfield tag="005">20141015110930.0</controlfield>
      <controlfield tag="008">140814s2014    paua     b    001 0 eng d</controlfield>
      <datafield tag="020" ind1=" " ind2=" ">
         <subfield code="a">9781934536681</subfield>
      </datafield>
      <datafield tag="020" ind1=" " ind2=" ">
         <subfield code="a">1934536687</subfield>
      </datafield>
      <datafield tag="040" ind1=" " ind2=" ">
         <subfield code="a">NNU</subfield>
         <subfield code="b">eng</subfield>
         <subfield code="c">NNU</subfield>
         <subfield code="e">rda</subfield>
      </datafield>
      <datafield tag="043" ind1=" " ind2=" ">
         <subfield code="a">me-----</subfield>
         <subfield code="a">a------</subfield>
         <subfield code="a">ac-----</subfield>
      </datafield>
      <datafield tag="050" ind1=" " ind2="4">
         <subfield code="a">DS33.1</subfield>
         <subfield code="b">.M24 2014</subfield>
      </datafield>
      <datafield tag="245" ind1="0" ind2="0">
         <subfield code="a">Reconfiguring the Silk Road :</subfield>
         <subfield code="b">new research on east-west exchange in antiquity. The papers of a symposium held at the University of Pennsylvania Museum of Archaeology and Anthropology, March 19, 2011 /</subfield>
         <subfield code="c">edited by Victor H. Mair and Jane Hickman.</subfield>
      </datafield>
      <datafield tag="264" ind1=" " ind2="1">
         <subfield code="a">Philadelphia :</subfield>
         <subfield code="b">University of Pennsylvania Museum of Archaeology and Anthropology,</subfield>
         <subfield code="c">2014.</subfield>
      </datafield>
      <datafield tag="264" ind1=" " ind2="4">
         <subfield code="a">©2014</subfield>
      </datafield>
      <datafield tag="300" ind1=" " ind2=" ">
         <subfield code="a">xiv, 104 pages, 16 leaves of plates :</subfield>
         <subfield code="b">illustrations ;</subfield>
         <subfield code="c">29 cm</subfield>
      </datafield>
      <datafield tag="336" ind1=" " ind2=" ">
         <subfield code="a">text</subfield>
         <subfield code="2">rdacontent</subfield>
      </datafield>
      <datafield tag="337" ind1=" " ind2=" ">
         <subfield code="a">unmediated</subfield>
         <subfield code="2">rdamedia</subfield>
      </datafield>
      <datafield tag="338" ind1=" " ind2=" ">
         <subfield code="a">volume</subfield>
         <subfield code="2">rdacarrier</subfield>
      </datafield>
      <datafield tag="505" ind1="0" ind2="0">
         <subfield code="t">Foreword: the Silk Roads before silk /</subfield>
         <subfield code="r">Colin Renfrew --</subfield>
         <subfield code="t">Intriduction: reconceptualizing the Silk Roads /</subfield>
         <subfield code="r">Victor H. Mair --</subfield>
         <subfield code="t">At the limits: long-distance trade in the time of Alexander the Great and the Hellenistic kings /</subfield>
         <subfield code="r">J.G. Manning --</subfield>
         <subfield code="t">Silk Road in late antiquity /</subfield>
         <subfield code="r">Peter Brown --</subfield>
         <subfield code="t">Northern Cemetery: epigone or progenitor of Small River Cemetery No. 5? /</subfield>
         <subfield code="r">Victor H. Mair --</subfield>
         <subfield code="t">More light on the Xinjiang textiles /</subfield>
         <subfield code="r">Elizabeth Wayland Barber --</subfield>
         <subfield code="t">Seeds for the soul: ideology and diffusion of domesticated grains across Inner Asia /</subfield>
         <subfield code="r">Michael D. Frachetti --</subfield>
         <subfield code="t">Horseback riding and Bronze Age pastoralism in the Eurasian Steppes /</subfield>
         <subfield code="r">David W. Anthony ;</subfield>
         <subfield code="r">Dorcas R. Brown --</subfield>
         <subfield code="t">Indo-European dispersals and the Eurasian Steppe /</subfield>
         <subfield code="r">J.P. Mallory --</subfield>
         <subfield code="t">Concluding comments: reconfiguring the Silk Road, or when does the Silk Road emerge and how does is qualitatively change over time? /</subfield>
         <subfield code="r">Philip L. Kohl.</subfield>
      </datafield>
      <datafield tag="504" ind1=" " ind2=" ">
         <subfield code="a">Includes bibliographical references and index.</subfield>
      </datafield>
      <datafield tag="650" ind1=" " ind2="0">
         <subfield code="a">Silk Road</subfield>
         <subfield code="x">History.</subfield>
      </datafield>
      <datafield tag="711" ind1="2" ind2=" ">
         <subfield code="a">Reconfiguring the Silk Road: New Research on East-West Exchange in Antiquity</subfield>
         <subfield code="d">(2011 :</subfield>
         <subfield code="c">Philadelphia, P.A.)</subfield>
      </datafield>
      <datafield tag="700" ind1="1" ind2=" ">
         <subfield code="a">Mair, Victor H.,</subfield>
         <subfield code="d">1943-</subfield>
      </datafield>
      <datafield tag="700" ind1="1" ind2=" ">
         <subfield code="a">Hickman, Jane.</subfield>
      </datafield>
      <datafield tag="700" ind1="1" ind2=" ">
         <subfield code="a">Renfrew, Colin.</subfield>
      </datafield>
      <datafield tag="700" ind1="1" ind2=" ">
         <subfield code="a">Manning, Joseph Gilbert.</subfield>
      </datafield>
      <datafield tag="700" ind1="1" ind2=" ">
         <subfield code="a">Brown, Peter,</subfield>
         <subfield code="d">1935-</subfield>
      </datafield>
      <datafield tag="700" ind1="1" ind2=" ">
         <subfield code="a">Barber, E. J. W.,</subfield>
         <subfield code="d">1940-</subfield>
      </datafield>
      <datafield tag="700" ind1="1" ind2=" ">
         <subfield code="a">Frachetti, Michael D.</subfield>
      </datafield>
      <datafield tag="700" ind1="1" ind2=" ">
         <subfield code="a">Anthony, David W.</subfield>
      </datafield>
      <datafield tag="700" ind1="1" ind2=" ">
         <subfield code="a">Brown, Dorcas R.</subfield>
      </datafield>
      <datafield tag="700" ind1="1" ind2=" ">
         <subfield code="a">Mallory, J. P.</subfield>
      </datafield>
      <datafield tag="700" ind1="1" ind2=" ">
         <subfield code="a">Kohl, Philip L.,</subfield>
         <subfield code="d">1946-</subfield>
      </datafield>
      <datafield tag="OWN" ind1=" " ind2=" ">
         <subfield code="a">GENERAL</subfield>
      </datafield>
      <datafield tag="AVA" ind1=" " ind2=" ">
         <subfield code="a">NYU50</subfield>
         <subfield code="b">BOBST</subfield>
         <subfield code="c">Main Collection</subfield>
         <subfield code="d">DS33.1 .M24 2014</subfield>
         <subfield code="e">unavailable</subfield>
         <subfield code="t">Unavailable</subfield>
         <subfield code="f">1</subfield>
         <subfield code="g">1</subfield>
         <subfield code="h">N</subfield>
         <subfield code="i">0</subfield>
         <subfield code="j">MAIN</subfield>
         <subfield code="k">0</subfield>
      </datafield>
      <datafield tag="AVA" ind1=" " ind2=" ">
         <subfield code="a">NYU50</subfield>
         <subfield code="b">NISAW</subfield>
         <subfield code="c">Oversize Collection</subfield>
         <subfield code="d">DS33.1 .M24 2014</subfield>
         <subfield code="e">available</subfield>
         <subfield code="t">Available</subfield>
         <subfield code="f">1</subfield>
         <subfield code="g">0</subfield>
         <subfield code="h">N</subfield>
         <subfield code="i">0</subfield>
         <subfield code="j">OVERZ</subfield>
         <subfield code="k">0</subfield>
      </datafield>
      <marc:datafield tag="852" ind1=" " ind2=" ">
         <marc:subfield code="b">Institute for the Study of the Ancient World, </marc:subfield>
         <marc:subfield code="c">Oversize Collection</marc:subfield>
         <marc:subfield code="e">15 East 84th St., </marc:subfield>
         <marc:subfield code="e">New York, NY  10028</marc:subfield>
      </marc:datafield>
   </record>