
  
  
  
  
  
 
  
  <record xsi:schemaLocation="http://www.loc.gov/MARC21/slim http://www.loc.gov/standards/marcxml/schema/MARC21slim.xsd">
      <leader>00000cam a2200865 a 4500</leader>
      <controlfield tag="FMT">BK</controlfield>
      <controlfield tag="LDR">00000cam a2200865 a 4500</controlfield>
      <controlfield tag="001">004026683</controlfield>
      <controlfield tag="003">OCoLC</controlfield>
      <controlfield tag="005">20140815102232.0</controlfield>
      <controlfield tag="008">140815s2000    hu ab    b    000 0 ger</controlfield>
      <datafield tag="010" ind1=" " ind2=" ">
         <subfield code="a">2002548240</subfield>
      </datafield>
      <datafield tag="020" ind1=" " ind2=" ">
         <subfield code="a">9637391819</subfield>
      </datafield>
      <datafield tag="020" ind1=" " ind2=" ">
         <subfield code="a">9789637391811</subfield>
      </datafield>
      <datafield tag="035" ind1=" " ind2=" ">
         <subfield code="a">(OCoLC)53021432</subfield>
         <subfield code="z">(OCoLC)49678363</subfield>
      </datafield>
      <datafield tag="040" ind1=" " ind2=" ">
         <subfield code="a">DLC</subfield>
         <subfield code="b">eng</subfield>
         <subfield code="c">DLC</subfield>
         <subfield code="d">OCLCQ</subfield>
         <subfield code="d">NLGGC</subfield>
         <subfield code="d">HLS</subfield>
         <subfield code="d">HEBIS</subfield>
         <subfield code="d">DEBBG</subfield>
         <subfield code="d">OCLCF</subfield>
         <subfield code="d">OCLCO</subfield>
         <subfield code="d">NNU</subfield>
      </datafield>
      <datafield tag="041" ind1="0" ind2=" ">
         <subfield code="a">ger</subfield>
         <subfield code="a">eng</subfield>
         <subfield code="a">fre</subfield>
      </datafield>
      <datafield tag="042" ind1=" " ind2=" ">
         <subfield code="a">pcc</subfield>
      </datafield>
      <datafield tag="043" ind1=" " ind2=" ">
         <subfield code="a">a-ir---</subfield>
         <subfield code="a">ac-----</subfield>
         <subfield code="a">mm-----</subfield>
      </datafield>
      <datafield tag="050" ind1=" " ind2="4">
         <subfield code="a">DS261</subfield>
         <subfield code="b">.K66 2000</subfield>
      </datafield>
      <datafield tag="082" ind1="0" ind2="0">
         <subfield code="a">327.495/009/021</subfield>
         <subfield code="2">22</subfield>
      </datafield>
      <datafield tag="084" ind1=" " ind2=" ">
         <subfield code="a">15.59</subfield>
         <subfield code="2">bcl</subfield>
      </datafield>
      <datafield tag="084" ind1=" " ind2=" ">
         <subfield code="a">15.00</subfield>
         <subfield code="2">bcl</subfield>
      </datafield>
      <datafield tag="084" ind1=" " ind2=" ">
         <subfield code="a">6,12</subfield>
         <subfield code="2">ssgn</subfield>
      </datafield>
      <datafield tag="084" ind1=" " ind2=" ">
         <subfield code="a">NH 9300</subfield>
         <subfield code="2">rvk</subfield>
      </datafield>
      <datafield tag="245" ind1="0" ind2="0">
         <subfield code="a">Kontakte zwischen Iran, Byzanz und der Steppe im 6.-7. Jahrhundert /</subfield>
         <subfield code="c">herausgegeben von Csanád Bálint.</subfield>
      </datafield>
      <datafield tag="260" ind1=" " ind2=" ">
         <subfield code="a">Budapest ;</subfield>
         <subfield code="a">Napoli ;</subfield>
         <subfield code="a">Roma :</subfield>
         <subfield code="b">Publicationes Instituti Archaeologici Academiae Scientiarum Hungaricae,</subfield>
         <subfield code="c">2000.</subfield>
      </datafield>
      <datafield tag="300" ind1=" " ind2=" ">
         <subfield code="a">329 p. :</subfield>
         <subfield code="b">ill., maps ;</subfield>
         <subfield code="c">29 cm.</subfield>
      </datafield>
      <datafield tag="490" ind1="1" ind2=" ">
         <subfield code="a">Varia archaeologica Hungarica,</subfield>
         <subfield code="x">0237-9090 ;</subfield>
         <subfield code="v">10</subfield>
      </datafield>
      <datafield tag="546" ind1=" " ind2=" ">
         <subfield code="a">Contributions in German, English, or French.</subfield>
      </datafield>
      <datafield tag="500" ind1=" " ind2=" ">
         <subfield code="a">Papers from a conference held Oct. 25-28, 1993 in Rome, Italy.</subfield>
      </datafield>
      <datafield tag="504" ind1=" " ind2=" ">
         <subfield code="a">Includes bibliographical references.</subfield>
      </datafield>
      <datafield tag="505" ind1="0" ind2="0">
         <subfield code="t">Development of early garnet inlaid ornaments /</subfield>
         <subfield code="r">Noël Adams --</subfield>
         <subfield code="t">Inlaid gold dagger from Kerim-loo and its western connections /</subfield>
         <subfield code="r">Wakō Anazawa, Junichi Manome --</subfield>
         <subfield code="t">Kulturelle verbindungen zwischen den nordpontischen Steppengebieten und Skandinavien in der römischen Kaiser- und Völkerwanderungszeit aufgrund archäologischer Quellen /</subfield>
         <subfield code="r">Bodo Anke --</subfield>
         <subfield code="t">Byzantinisches zur Herkunftsfrage des vielteiligen Gürtels /</subfield>
         <subfield code="r">Csanád Bálint --</subfield>
         <subfield code="t">Awarenfeldzüge und der Untergang der byzantinischen Provinzen an der Unteren Donau /</subfield>
         <subfield code="r">István Bóna --</subfield>
         <subfield code="t">Political interactions between Byzantium and Iran in VIIth century /</subfield>
         <subfield code="r">Antonio Carile --</subfield>
         <subfield code="t">Central Asian and eastern Iranian peoples in Zoroastrian apocalyptic literature /</subfield>
         <subfield code="r">Carlo G. Cereti --</subfield>
         <subfield code="t">Contacts between Byzantium and Iran /</subfield>
         <subfield code="r">Ildikó Ecsedy --</subfield>
         <subfield code="t">Über die Beziehung der byzantinischen Goldschnallen und der awarenzeitlichen Pseudoschnallen /</subfield>
         <subfield code="r">Éva Garam --</subfield>
         <subfield code="t">Archaeology of the early medieval nomads in Italy : the horse-burials in Molise (7th century), south-central Italy /</subfield>
         <subfield code="r">Bruno Genito --</subfield>
         <subfield code="t">Struggle for the "Silk Route" between Iran, Byzantium, and the Türk Empire from 560 to 630 A.D. /</subfield>
         <subfield code="r">János Harmatta --</subfield>
         <subfield code="t">East-West exchanges as seen through the dissemination of the griffin motif /</subfield>
         <subfield code="r">Toshio Hayashi --</subfield>
         <subfield code="t">Byzantine, Sasanian, and Central Asian silver /</subfield>
         <subfield code="r">Marlia Mundell Mango --</subfield>
         <subfield code="t">Fur Road and the Silk Road : the relations between Central Asia and northern Russia in the early Middle Ages /</subfield>
         <subfield code="r">Thomas S. Noonan --</subfield>
         <subfield code="t">Frühbyzantinische Bronzekanne aus dem awarenzeitlichen Gräberfeld von Budakalász /</subfield>
         <subfield code="r">Adrien Pásztor, Tivadar Vida --</subfield>
         <subfield code="t">Persisch-awarische Beziehungen und Zusammenwirken vor und Während der Belagerung von Byzanz im Jahre 626 /</subfield>
         <subfield code="r">Samu Szádeczky-Kardoss --</subfield>
         <subfield code="t">Obole à Charon et rite fanhan /</subfield>
         <subfield code="r">François Thierry de Crussol.</subfield>
      </datafield>
      <datafield tag="650" ind1=" " ind2="0">
         <subfield code="a">Byzantine antiquities</subfield>
         <subfield code="v">Congresses.</subfield>
      </datafield>
      <datafield tag="651" ind1=" " ind2="0">
         <subfield code="a">Iran</subfield>
         <subfield code="x">Antiquities, Byzantine</subfield>
         <subfield code="v">Congresses.</subfield>
      </datafield>
      <datafield tag="651" ind1=" " ind2="0">
         <subfield code="a">Iran</subfield>
         <subfield code="x">Antiquities.</subfield>
         <subfield code="v">Congresses.</subfield>
      </datafield>
      <datafield tag="651" ind1=" " ind2="0">
         <subfield code="a">Asia, Central</subfield>
         <subfield code="x">Antiquities, Byzantine</subfield>
         <subfield code="v">Congresses.</subfield>
      </datafield>
      <datafield tag="651" ind1=" " ind2="0">
         <subfield code="a">Asia, Central</subfield>
         <subfield code="x">Antiquities.</subfield>
         <subfield code="v">Congresses.</subfield>
      </datafield>
      <datafield tag="651" ind1=" " ind2="0">
         <subfield code="a">Byzantine Empire</subfield>
         <subfield code="x">Antiquities</subfield>
         <subfield code="v">Congresses.</subfield>
      </datafield>
      <datafield tag="651" ind1=" " ind2="0">
         <subfield code="a">Iran</subfield>
         <subfield code="x">Relations</subfield>
         <subfield code="z">Byzantine Empire.</subfield>
      </datafield>
      <datafield tag="651" ind1=" " ind2="0">
         <subfield code="a">Byzantine Empire</subfield>
         <subfield code="x">Relations</subfield>
         <subfield code="z">Iran.</subfield>
      </datafield>
      <datafield tag="650" ind1=" " ind2="7">
         <subfield code="a">Antiquities.</subfield>
         <subfield code="2">fast</subfield>
         <subfield code="0">(OCoLC)fst00810745</subfield>
      </datafield>
      <datafield tag="650" ind1=" " ind2="7">
         <subfield code="a">Byzantine antiquities.</subfield>
         <subfield code="2">fast</subfield>
         <subfield code="0">(OCoLC)fst00843224</subfield>
      </datafield>
      <datafield tag="651" ind1=" " ind2="7">
         <subfield code="a">Asia, Central.</subfield>
         <subfield code="2">fast</subfield>
         <subfield code="0">(OCoLC)fst01240497</subfield>
      </datafield>
      <datafield tag="651" ind1=" " ind2="7">
         <subfield code="a">Iran.</subfield>
         <subfield code="2">fast</subfield>
         <subfield code="0">(OCoLC)fst01204889</subfield>
      </datafield>
      <datafield tag="655" ind1=" " ind2="7">
         <subfield code="a">Conference proceedings.</subfield>
         <subfield code="2">fast</subfield>
         <subfield code="0">(OCoLC)fst01423772</subfield>
      </datafield>
      <datafield tag="700" ind1="1" ind2=" ">
         <subfield code="a">Bálint, Csanád</subfield>
         <subfield code="e">ed.</subfield>
      </datafield>
      <datafield tag="776" ind1="0" ind2="8">
         <subfield code="i">Online version:</subfield>
         <subfield code="t">Kontakte zwischen Iran, Byzanz und der Steppe im 6.-7. Jahrhundert.</subfield>
         <subfield code="d">Budapest ; Napoli : Publicationes Instituti Archaeologici Academiae Scientiarum Hungaricae, 2000</subfield>
         <subfield code="w">(OCoLC)607164480</subfield>
      </datafield>
      <datafield tag="776" ind1="0" ind2="8">
         <subfield code="i">Online version:</subfield>
         <subfield code="t">Kontakte zwischen Iran, Byzanz und der Steppe im 6.-7. Jahrhundert.</subfield>
         <subfield code="d">Budapest ; Napoli : Publicationes Instituti Archaeologici Academiae Scientiarum Hungaricae, 2000</subfield>
         <subfield code="w">(OCoLC)607887138</subfield>
      </datafield>
      <datafield tag="830" ind1=" " ind2="0">
         <subfield code="a">Varia archaeologica Hungarica ;</subfield>
         <subfield code="v">10.</subfield>
      </datafield>
      <datafield tag="856" ind1=" " ind2=" ">
         <subfield code="u">http://bvbr.bib-bvb.de:8991/F?func=service&amp;doc_library=BVB01&amp;doc_number=009566539&amp;line_number=0001&amp;func_code=DB_RECORDS&amp;service_type=MEDIA</subfield>
         <subfield code="z">Inhaltsverzeichnis</subfield>
      </datafield>
      <datafield tag="856" ind1=" " ind2=" ">
         <subfield code="u">http://bvbr.bib-bvb.de:8991/F?func=service&amp;doc_library=BVB01&amp;local_base=BVB01&amp;doc_number=009566539&amp;line_number=0001&amp;func_code=DB_RECORDS&amp;service_type=MEDIA</subfield>
         <subfield code="z">Inhaltsverzeichnis</subfield>
      </datafield>
      <datafield tag="994" ind1=" " ind2=" ">
         <subfield code="a">Z0</subfield>
         <subfield code="b">ZYU</subfield>
      </datafield>
      <datafield tag="OWN" ind1=" " ind2=" ">
         <subfield code="a">GENERAL</subfield>
      </datafield>
      <datafield tag="936" ind1=" " ind2=" ">
         <subfield code="a">PR 248327563</subfield>
      </datafield>
      <datafield tag="AVA" ind1=" " ind2=" ">
         <subfield code="a">NYU50</subfield>
         <subfield code="b">NISAW</subfield>
         <subfield code="c">Large Collection</subfield>
         <subfield code="d">DS261 .K66 2000</subfield>
         <subfield code="e">available</subfield>
         <subfield code="t">Available</subfield>
         <subfield code="f">1</subfield>
         <subfield code="g">0</subfield>
         <subfield code="h">N</subfield>
         <subfield code="i">0</subfield>
         <subfield code="j">LARGE</subfield>
         <subfield code="k">0</subfield>
      </datafield>
      <marc:datafield tag="852" ind1=" " ind2=" ">
         <marc:subfield code="b">Institute for the Study of the Ancient World, </marc:subfield>
         <marc:subfield code="c">Large Collection</marc:subfield>
         <marc:subfield code="e">15 East 84th St., </marc:subfield>
         <marc:subfield code="e">New York, NY  10028</marc:subfield>
      </marc:datafield>
   </record>