
  
  
  
  
  
  
 
  
  <record xsi:schemaLocation="http://www.loc.gov/MARC21/slim http://www.loc.gov/standards/marcxml/schema/MARC21slim.xsd">
      <leader>00000cam a2200673 a 4500</leader>
      <controlfield tag="FMT">BK</controlfield>
      <controlfield tag="LDR">00000cam a2200673 a 4500</controlfield>
      <controlfield tag="001">004029315</controlfield>
      <controlfield tag="003">OCoLC</controlfield>
      <controlfield tag="005">20140819114550.0</controlfield>
      <controlfield tag="008">140819s2004    be abe   b    110 0 eng c</controlfield>
      <datafield tag="010" ind1=" " ind2=" ">
         <subfield code="a">2005450797</subfield>
      </datafield>
      <datafield tag="020" ind1=" " ind2=" ">
         <subfield code="a">9038205783</subfield>
      </datafield>
      <datafield tag="020" ind1=" " ind2=" ">
         <subfield code="a">9789038205786</subfield>
      </datafield>
      <datafield tag="035" ind1=" " ind2=" ">
         <subfield code="a">(OCoLC)73549215</subfield>
      </datafield>
      <datafield tag="040" ind1=" " ind2=" ">
         <subfield code="a">CStRLIN</subfield>
         <subfield code="b">eng</subfield>
         <subfield code="c">DLC</subfield>
         <subfield code="d">BTCTA</subfield>
         <subfield code="d">GEBAY</subfield>
         <subfield code="d">OCLCO</subfield>
         <subfield code="d">TOZ</subfield>
         <subfield code="d">OCLCF</subfield>
         <subfield code="d">CHVBK</subfield>
         <subfield code="d">NNU</subfield>
      </datafield>
      <datafield tag="041" ind1="0" ind2=" ">
         <subfield code="a">eng</subfield>
         <subfield code="a">fre</subfield>
         <subfield code="a">ger</subfield>
      </datafield>
      <datafield tag="042" ind1=" " ind2=" ">
         <subfield code="a">pcc</subfield>
      </datafield>
      <datafield tag="043" ind1=" " ind2=" ">
         <subfield code="a">aw-----</subfield>
         <subfield code="a">e------</subfield>
         <subfield code="a">ff-----</subfield>
      </datafield>
      <datafield tag="050" ind1="0" ind2="0">
         <subfield code="a">DG89</subfield>
         <subfield code="b">.A73 2004</subfield>
      </datafield>
      <datafield tag="245" ind1="0" ind2="0">
         <subfield code="a">Archaeology in confrontation :</subfield>
         <subfield code="b">aspects of Roman military presence in the Northwest : studies in honour of Prof. Em. Hugo Thoen /</subfield>
         <subfield code="c">Frank Vermeulen, Kathy Sas, and Wouter Dhaeze (eds.).</subfield>
      </datafield>
      <datafield tag="260" ind1=" " ind2=" ">
         <subfield code="a">Ghent, Belgium :</subfield>
         <subfield code="b">Academia Press,</subfield>
         <subfield code="c">[2004]</subfield>
      </datafield>
      <datafield tag="300" ind1=" " ind2=" ">
         <subfield code="a">459 p. :</subfield>
         <subfield code="b">ill. (some col.), maps, plans ;</subfield>
         <subfield code="c">31 cm.</subfield>
      </datafield>
      <datafield tag="490" ind1="1" ind2=" ">
         <subfield code="a">Archaeological reports Ghent University ;</subfield>
         <subfield code="v">2</subfield>
      </datafield>
      <datafield tag="546" ind1=" " ind2=" ">
         <subfield code="a">Contributions chiefly in English or French, with one in German.</subfield>
      </datafield>
      <datafield tag="500" ind1=" " ind2=" ">
         <subfield code="a">The publication is the result of an international colloquium under the same name, held in Brussels on Dec. 6, 2002.</subfield>
      </datafield>
      <datafield tag="504" ind1=" " ind2=" ">
         <subfield code="a">Includes bibliographical references.</subfield>
      </datafield>
      <datafield tag="504" ind1=" " ind2=" ">
         <subfield code="a">Bibliography of Hugo Thoen: p. 435-456.</subfield>
      </datafield>
      <datafield tag="505" ind1="0" ind2="0">
         <subfield code="g">I. Introduction.</subfield>
         <subfield code="t">Hugo Thoen : a Gaulish Roman or a Roman Gaul /</subfield>
         <subfield code="r">Frank Vermeulen, Kathy Sas, Wouter Dhaeze --</subfield>
         <subfield code="g">II. Military strategy and structures.</subfield>
         <subfield code="t">Roman politics and localy history : Augustus and his military policy in the Low Countries /</subfield>
         <subfield code="r">Robert Nouwen --</subfield>
         <subfield code="t">Velsen : the 1997 excavations in the early Roman base and a reappraisal of the post-Kalkriese Velsen/Vechten dating evidence /</subfield>
         <subfield code="r">Arjen Bosman, Maarten de Weerd --</subfield>
         <subfield code="t">Palynological analysis of samples from the harbour of the Roman fort at Velsen, prov. Noord-Holland, the Netherlands /</subfield>
         <subfield code="r">Willy Groenman-van Waateringe --</subfield>
         <subfield code="t">Five postholes and a ditch : the Valkenburg-Marktveld timber watch and signal tower /</subfield>
         <subfield code="r">Robert M. van Dierendonck --</subfield>
         <subfield code="t">Roman military complex in Nijmegen (NL) /</subfield>
         <subfield code="r">Harry van Enckevort --</subfield>
         <subfield code="t">Roads for soldiers and civilians in the civitas Menapiorum /</subfield>
         <subfield code="r">Frank Vermeulen --</subfield>
         <subfield code="t">Confrontation in archaeology : aspects of Roman military presence in Tongeren /</subfield>
         <subfield code="r">Alain Vanderhoeven, Michel Vanderhoeven --</subfield>
         <subfield code="t">Anmerkungen zum historischen Hintergrund des Truppenlagers von Maldegem-Vake /</subfield>
         <subfield code="r">Michael Erdrich --</subfield>
         <subfield code="t">Hand-thrown stones from the Roman fort of Maldegem-Vake (East Flanders, Belgium) /</subfield>
         <subfield code="r">Wouter Dhaeze, Paul De Paepe --</subfield>
         <subfield code="t">Maldegem-Vake : selection of contributions from soil science /</subfield>
         <subfield code="r">Roger Langohr --</subfield>
         <subfield code="t">Palaeobotanical investigation of the Roman site of Maldegem-Vake /</subfield>
         <subfield code="r">Cyriel Verbruggen, Guido Minnaert, Vanessa Gelorini --</subfield>
         <subfield code="t">Castrum et le port de Gesoriacum (Boulogne-sur-Mer), base de la Classis Britannica (IIe-IIIe siècles) /</subfield>
         <subfield code="r">Claude Seillier --</subfield>
         <subfield code="t">A propos de quelques lieux de la Notitia Dignitatum : etat de la recherche et suggestions /</subfield>
         <subfield code="r">Pierre Leman --</subfield>
         <subfield code="t">Line of defence : some reflections about the defensive strategy in Roman Gaul and the Roma Empire /</subfield>
         <subfield code="r">Herman Goeminne --</subfield>
      </datafield>
      <datafield tag="505" ind1="0" ind2="0">
         <subfield code="g">III. The contribution of coins and pottery.</subfield>
         <subfield code="t">Aspects de la datation céramique et de la datation numismatique dans le nord de la Gaule au cours de l'époque romaine /</subfield>
         <subfield code="r">Frédéric Hanut --</subfield>
         <subfield code="t">Coins for the army (1st-3rd c AD) /</subfield>
         <subfield code="r">Johan van Heesch --</subfield>
         <subfield code="t">Historical significance of "legionary wares" in Britain /</subfield>
         <subfield code="r">Vivien G. Swan --</subfield>
         <subfield code="t">Amphoras from Vechten (excavations 1946-1947) /</subfield>
         <subfield code="r">Jaap H. van der Werff --</subfield>
         <subfield code="t">P. Clodius Icelus, producteur ou marchand d'huile pour le limes du Nord? /</subfield>
         <subfield code="r">Patrick Monsieur --</subfield>
         <subfield code="t">Dessinateurs archéologiques "avant la lettre" : les "Albums Ledoulx" à la Bibliothèque Royale de Bruxelles /</subfield>
         <subfield code="r">Jean Luc Meulemeester --</subfield>
         <subfield code="g">IV. Late Antiquity and after the Romans.</subfield>
         <subfield code="t">Site militaire d'Oudenburg et la Bretagne insulaire durant l'Antiquité tardive : quelques éléments inédits /</subfield>
         <subfield code="r">Yann Hollevoet --</subfield>
         <subfield code="t">"Military" bracelets in Oudenburg : troop movements, origins, and relations in the Litus Saxonicum in the 4th century AD /</subfield>
         <subfield code="r">Kathy Sas --</subfield>
         <subfield code="t">Témoins d'occupation germanique de la villa gallo-romaine de Zouafques (France) et leur apport dans le contexte de la militarisation de la Gaule du Nord au Bas-Empire /</subfield>
         <subfield code="r">Jean-Claude Routier, Freddy Thuillier --</subfield>
         <subfield code="t">Sint-Gillis-Dendermonde (Prov. East Flanders), grave B2-1933 and the 5th-century migrations of Thuringian foederati in the Scheldt valley and northern France /</subfield>
         <subfield code="r">Marc Rogge --</subfield>
         <subfield code="t">Fortifications romaines de la côte flamande et leur occupation médiévale : quelques réflexions /</subfield>
         <subfield code="r">Johnny De Meulemeester.</subfield>
      </datafield>
      <datafield tag="651" ind1=" " ind2="0">
         <subfield code="a">Rome</subfield>
         <subfield code="x">Military antiquities</subfield>
         <subfield code="v">Congresses.</subfield>
      </datafield>
      <datafield tag="651" ind1=" " ind2="0">
         <subfield code="a">Rome</subfield>
         <subfield code="x">Army</subfield>
         <subfield code="v">Congresses.</subfield>
      </datafield>
      <datafield tag="651" ind1=" " ind2="0">
         <subfield code="a">Rome</subfield>
         <subfield code="x">History, Military</subfield>
         <subfield code="y">30 B.C.-476 A.D.</subfield>
         <subfield code="v">Congresses.</subfield>
      </datafield>
      <datafield tag="650" ind1=" " ind2="0">
         <subfield code="a">Military archaeology</subfield>
         <subfield code="z">Rome</subfield>
         <subfield code="v">Congresses.</subfield>
      </datafield>
      <datafield tag="650" ind1=" " ind2="7">
         <subfield code="a">Antiquities.</subfield>
         <subfield code="2">fast</subfield>
         <subfield code="0">(OCoLC)fst00810745</subfield>
      </datafield>
      <datafield tag="650" ind1=" " ind2="7">
         <subfield code="a">Armies.</subfield>
         <subfield code="2">fast</subfield>
         <subfield code="0">(OCoLC)fst00814802</subfield>
      </datafield>
      <datafield tag="650" ind1=" " ind2="7">
         <subfield code="a">Military archaeology.</subfield>
         <subfield code="2">fast</subfield>
         <subfield code="0">(OCoLC)fst01747931</subfield>
      </datafield>
      <datafield tag="651" ind1=" " ind2="7">
         <subfield code="a">Rome (Empire)</subfield>
         <subfield code="2">fast</subfield>
         <subfield code="0">(OCoLC)fst01204885</subfield>
      </datafield>
      <datafield tag="648" ind1=" " ind2="7">
         <subfield code="a">30 B.C. - 476 A.D.</subfield>
         <subfield code="2">fast</subfield>
      </datafield>
      <datafield tag="655" ind1=" " ind2="7">
         <subfield code="a">Military history.</subfield>
         <subfield code="2">fast</subfield>
         <subfield code="0">(OCoLC)fst01411630</subfield>
      </datafield>
      <datafield tag="700" ind1="1" ind2=" ">
         <subfield code="a">Thoen, Hugo</subfield>
         <subfield code="e">honoree.</subfield>
      </datafield>
      <datafield tag="700" ind1="1" ind2=" ">
         <subfield code="a">Vermeulen, Frank</subfield>
         <subfield code="e">ed.</subfield>
      </datafield>
      <datafield tag="700" ind1="1" ind2=" ">
         <subfield code="a">Sas, Kathy</subfield>
         <subfield code="e">ed.</subfield>
      </datafield>
      <datafield tag="700" ind1="1" ind2=" ">
         <subfield code="a">Dhaeze, Wouter</subfield>
         <subfield code="e">ed.</subfield>
      </datafield>
      <datafield tag="830" ind1=" " ind2="0">
         <subfield code="a">Archaeological reports Ghent University ;</subfield>
         <subfield code="v">v. 2.</subfield>
      </datafield>
      <datafield tag="994" ind1=" " ind2=" ">
         <subfield code="a">Z0</subfield>
         <subfield code="b">ZYU</subfield>
      </datafield>
      <datafield tag="OWN" ind1=" " ind2=" ">
         <subfield code="a">GENERAL</subfield>
      </datafield>
      <datafield tag="936" ind1=" " ind2=" ">
         <subfield code="a">PR 61320959</subfield>
      </datafield>
      <datafield tag="AVA" ind1=" " ind2=" ">
         <subfield code="a">NYU50</subfield>
         <subfield code="b">NISAW</subfield>
         <subfield code="c">Oversize Collection</subfield>
         <subfield code="d">DG89 .A73 2004</subfield>
         <subfield code="e">available</subfield>
         <subfield code="t">Available</subfield>
         <subfield code="f">1</subfield>
         <subfield code="g">0</subfield>
         <subfield code="h">N</subfield>
         <subfield code="i">0</subfield>
         <subfield code="j">OVERZ</subfield>
         <subfield code="k">0</subfield>
      </datafield>
      <marc:datafield tag="852" ind1=" " ind2=" ">
         <marc:subfield code="b">Institute for the Study of the Ancient World, </marc:subfield>
         <marc:subfield code="c">Oversize Collection</marc:subfield>
         <marc:subfield code="e">15 East 84th St., </marc:subfield>
         <marc:subfield code="e">New York, NY  10028</marc:subfield>
      </marc:datafield>
   </record>