
  
  
  
  
  
  
 
  
  <record xsi:schemaLocation="http://www.loc.gov/MARC21/slim http://www.loc.gov/standards/marcxml/schema/MARC21slim.xsd">
      <leader>00000cam a2200457 a 45M</leader>
      <controlfield tag="FMT">BK</controlfield>
      <controlfield tag="LDR">00000cam a2200457 a 45M</controlfield>
      <controlfield tag="001">001807237</controlfield>
      <controlfield tag="003">NNU</controlfield>
      <controlfield tag="005">20140820143754.0</controlfield>
      <controlfield tag="008">730925s1931    enkaf    b    001 0 eng c</controlfield>
      <datafield tag="010" ind1=" " ind2=" ">
         <subfield code="a">32003145</subfield>
      </datafield>
      <datafield tag="035" ind1="9" ind2=" ">
         <subfield code="a">NYUb10740211</subfield>
      </datafield>
      <datafield tag="035" ind1=" " ind2=" ">
         <subfield code="a">(UPB)notisDFU7295</subfield>
      </datafield>
      <datafield tag="035" ind1=" " ind2=" ">
         <subfield code="a">(UPRA)utbgRLA195901-B</subfield>
      </datafield>
      <datafield tag="035" ind1=" " ind2=" ">
         <subfield code="a">(CStRLIN)UTBGDFU7295-B</subfield>
      </datafield>
      <datafield tag="040" ind1=" " ind2=" ">
         <subfield code="c">UPRA</subfield>
         <subfield code="d">UPB</subfield>
         <subfield code="d">NNU</subfield>
      </datafield>
      <datafield tag="041" ind1="1" ind2=" ">
         <subfield code="a">eng</subfield>
         <subfield code="a">grc</subfield>
         <subfield code="h">grc</subfield>
      </datafield>
      <datafield tag="042" ind1=" " ind2=" ">
         <subfield code="a">pcc</subfield>
      </datafield>
      <datafield tag="050" ind1="9" ind2="9">
         <subfield code="a">PA4272</subfield>
         <subfield code="b">.A5 1931</subfield>
      </datafield>
      <datafield tag="050" ind1=" " ind2="4">
         <subfield code="a">PA3612.P53</subfield>
         <subfield code="b">P53 1931</subfield>
      </datafield>
      <datafield tag="051" ind1=" " ind2=" ">
         <subfield code="a">PA4272</subfield>
         <subfield code="b">.A5 1931</subfield>
         <subfield code="c">Copy 2.</subfield>
      </datafield>
      <datafield tag="082" ind1="0" ind2="0">
         <subfield code="a">888.9</subfield>
         <subfield code="a">183.1</subfield>
      </datafield>
      <datafield tag="100" ind1="0" ind2=" ">
         <subfield code="a">Philostratus,</subfield>
         <subfield code="c">the Athenian,</subfield>
         <subfield code="d">2nd/3rd cent.</subfield>
      </datafield>
      <datafield tag="240" ind1="1" ind2="0">
         <subfield code="a">Imagines.</subfield>
         <subfield code="l">English &amp; Greek</subfield>
      </datafield>
      <datafield tag="245" ind1="1" ind2="0">
         <subfield code="a">Imagines /</subfield>
         <subfield code="c">Philostratus the Elder [and] the Younger. Descriptions / Callistratus ; [each] with an English translation by Arthur Fairbanks.</subfield>
      </datafield>
      <datafield tag="260" ind1=" " ind2=" ">
         <subfield code="a">London :</subfield>
         <subfield code="b">W. Heinemann ;</subfield>
         <subfield code="a">New York :</subfield>
         <subfield code="b">G.P. Putnam's Sons,</subfield>
         <subfield code="c">1931.</subfield>
      </datafield>
      <datafield tag="300" ind1=" " ind2=" ">
         <subfield code="a">xxxii, 429 p., [14] leaves of plates :</subfield>
         <subfield code="b">ill. ;</subfield>
         <subfield code="c">17 cm.</subfield>
      </datafield>
      <datafield tag="490" ind1="1" ind2=" ">
         <subfield code="a">The Loeb classical library ;</subfield>
         <subfield code="v">256</subfield>
      </datafield>
      <datafield tag="546" ind1=" " ind2=" ">
         <subfield code="a">Greek with English translation on opposite pages.</subfield>
      </datafield>
      <datafield tag="500" ind1=" " ind2=" ">
         <subfield code="a">Issued with various printing dates.</subfield>
      </datafield>
      <datafield tag="500" ind1=" " ind2=" ">
         <subfield code="a">Imprint varies: later printings issued by Harvard Univesity Press, Cambridge, Mass., jointly with W. Heinemann, London.</subfield>
      </datafield>
      <datafield tag="500" ind1=" " ind2=" ">
         <subfield code="a">The later series of Imagines is called "Posteriores" to distinguish it from the first. In the preface of the present edition, the earlier "Imagines" are ascribed to Philostratus, the Lemnian, son of Nervianus [i.e. Philostratus the Elder]. "His grandson, of the same name, and referred to as Philostratus the Younger, wrote about A.D. 300 a series of Imagines of much the same type as his grandfather's". Cf. Introd., p. xvi.</subfield>
      </datafield>
      <datafield tag="505" ind1="0" ind2=" ">
         <subfield code="t">Imagines /</subfield>
         <subfield code="r">Philostratus the Elder --</subfield>
         <subfield code="t">Imagines /</subfield>
         <subfield code="r">Philostratus the Younger --</subfield>
         <subfield code="t">Descriptions /</subfield>
         <subfield code="r">Callistratus.</subfield>
      </datafield>
      <datafield tag="504" ind1=" " ind2=" ">
         <subfield code="a">Includes bibliographical references (p. xii-xiii) and index.</subfield>
      </datafield>
      <datafield tag="650" ind1=" " ind2="0">
         <subfield code="a">Painting</subfield>
         <subfield code="v">Early works to 1800.</subfield>
      </datafield>
      <datafield tag="650" ind1=" " ind2="0">
         <subfield code="a">Painting, Greco-Roman.</subfield>
      </datafield>
      <datafield tag="700" ind1="0" ind2="2">
         <subfield code="a">Philostratus,</subfield>
         <subfield code="c">the Lemnian,</subfield>
         <subfield code="d">3rd cent.</subfield>
         <subfield code="t">Imagines.</subfield>
         <subfield code="l">English &amp; Greek.</subfield>
      </datafield>
      <datafield tag="700" ind1="0" ind2="2">
         <subfield code="a">Callistratus,</subfield>
         <subfield code="d">3rd or 4th cent.</subfield>
         <subfield code="t">Descriptions.</subfield>
         <subfield code="l">English &amp; Greek.</subfield>
      </datafield>
      <datafield tag="700" ind1="1" ind2=" ">
         <subfield code="a">Fairbanks, Arthur,</subfield>
         <subfield code="d">1864-1944.</subfield>
      </datafield>
      <datafield tag="830" ind1=" " ind2="0">
         <subfield code="a">Loeb classical library ;</subfield>
         <subfield code="v">256.</subfield>
      </datafield>
      <datafield tag="OWN" ind1=" " ind2=" ">
         <subfield code="a">GENERAL</subfield>
      </datafield>
      <datafield tag="AVA" ind1=" " ind2=" ">
         <subfield code="a">NYU52</subfield>
         <subfield code="b">NSHNG</subfield>
         <subfield code="c">Main Collection</subfield>
         <subfield code="d">PA3612 .P53</subfield>
         <subfield code="e">unavailable</subfield>
         <subfield code="t">Unavailable</subfield>
         <subfield code="f">1</subfield>
         <subfield code="g">1</subfield>
         <subfield code="h">N</subfield>
         <subfield code="i">0</subfield>
         <subfield code="j">MAIN</subfield>
         <subfield code="k">0</subfield>
      </datafield>
      <datafield tag="AVA" ind1=" " ind2=" ">
         <subfield code="a">NYU51</subfield>
         <subfield code="b">NABUD</subfield>
         <subfield code="c">Loeb Collection</subfield>
         <subfield code="d">PA4272 .A5 1931</subfield>
         <subfield code="e">available</subfield>
         <subfield code="t">Available</subfield>
         <subfield code="f">1</subfield>
         <subfield code="g">0</subfield>
         <subfield code="h">N</subfield>
         <subfield code="i">0</subfield>
         <subfield code="j">LOEB</subfield>
         <subfield code="k">0</subfield>
      </datafield>
      <datafield tag="AVA" ind1=" " ind2=" ">
         <subfield code="a">NYU50</subfield>
         <subfield code="b">BOBST</subfield>
         <subfield code="c">1st Floor Reference - Study</subfield>
         <subfield code="d">PA3611 .A1 v.219 Non-circulating</subfield>
         <subfield code="e">available</subfield>
         <subfield code="t">Available</subfield>
         <subfield code="f">2</subfield>
         <subfield code="g">1</subfield>
         <subfield code="h">N</subfield>
         <subfield code="i">2</subfield>
         <subfield code="j">REF1S</subfield>
         <subfield code="k">0</subfield>
      </datafield>
      <datafield tag="AVA" ind1=" " ind2=" ">
         <subfield code="a">NYU50</subfield>
         <subfield code="b">NIFA</subfield>
         <subfield code="c">Classical</subfield>
         <subfield code="d">PA3612 .P53 Non-circulating</subfield>
         <subfield code="e">available</subfield>
         <subfield code="t">Available</subfield>
         <subfield code="f">1</subfield>
         <subfield code="g">0</subfield>
         <subfield code="h">N</subfield>
         <subfield code="i">0</subfield>
         <subfield code="j">CLASS</subfield>
         <subfield code="k">0</subfield>
      </datafield>
      <datafield tag="AVA" ind1=" " ind2=" ">
         <subfield code="a">NYU50</subfield>
         <subfield code="b">NISAW</subfield>
         <subfield code="c">Reference 3 Collection</subfield>
         <subfield code="d">PA3612.P53 P53 1931</subfield>
         <subfield code="e">available</subfield>
         <subfield code="t">Available</subfield>
         <subfield code="f">1</subfield>
         <subfield code="g">0</subfield>
         <subfield code="h">N</subfield>
         <subfield code="i">0</subfield>
         <subfield code="j">REF3</subfield>
         <subfield code="k">0</subfield>
      </datafield>
      <marc:datafield tag="852" ind1=" " ind2=" ">
         <marc:subfield code="b">Institute for the Study of the Ancient World, </marc:subfield>
         <marc:subfield code="c">Reference 3 Collection</marc:subfield>
         <marc:subfield code="e">15 East 84th St., </marc:subfield>
         <marc:subfield code="e">New York, NY  10028</marc:subfield>
      </marc:datafield>
   </record>