
  
  
  
  
  
  
  
 
  
  <record xsi:schemaLocation="http://www.loc.gov/MARC21/slim http://www.loc.gov/standards/marcxml/schema/MARC21slim.xsd">
      <leader>00000nam a22      i 4500</leader>
      <controlfield tag="FMT">BK</controlfield>
      <controlfield tag="LDR">00000nam a22      i 4500</controlfield>
      <controlfield tag="001">004029535</controlfield>
      <controlfield tag="005">20140820105029.0</controlfield>
      <controlfield tag="008">140820t20082008au c     b    101 0deng d</controlfield>
      <datafield tag="020" ind1=" " ind2=" ">
         <subfield code="a">9783700165453</subfield>
      </datafield>
      <datafield tag="040" ind1=" " ind2=" ">
         <subfield code="a">NNU</subfield>
         <subfield code="b">eng</subfield>
         <subfield code="e">rda</subfield>
         <subfield code="c">NNU</subfield>
      </datafield>
      <datafield tag="041" ind1="0" ind2=" ">
         <subfield code="a">eng</subfield>
         <subfield code="a">fre</subfield>
         <subfield code="a">ger</subfield>
         <subfield code="a">ita</subfield>
      </datafield>
      <datafield tag="050" ind1=" " ind2="4">
         <subfield code="a">KL4106.5</subfield>
         <subfield code="b">.G47 2007</subfield>
      </datafield>
      <datafield tag="110" ind1="2" ind2=" ">
         <subfield code="a">Gesellschaft für Griechische und Hellenistische Rechtsgeschichte.</subfield>
         <subfield code="b">Symposion</subfield>
         <subfield code="n">(16th :</subfield>
         <subfield code="d">2007 :</subfield>
         <subfield code="c">Durham, England)</subfield>
      </datafield>
      <datafield tag="245" ind1="1" ind2="0">
         <subfield code="a">Symposion 2007 :</subfield>
         <subfield code="b">Vorträge zur griechischen und hellenistischen Rechtsgeschichte (Durham, 2.-6. September 2007) = Papers on Greek and Hellenistic legal history (Durham, September 2-6 2007) /</subfield>
         <subfield code="c">herausgegeben von / edited by Edward Harris, Gerhard Thür.</subfield>
      </datafield>
      <datafield tag="246" ind1="3" ind2="0">
         <subfield code="a">Vorträge zur griechischen und hellenistischen Rechtsgeschichte (Durham, 2.-6. September 2007)</subfield>
      </datafield>
      <datafield tag="246" ind1="3" ind2="0">
         <subfield code="a">Papers on Greek and Hellenistic legal history (Durham, September 2-6 2007)</subfield>
      </datafield>
      <datafield tag="246" ind1="3" ind2="1">
         <subfield code="a">Symposion 2007 :</subfield>
         <subfield code="b">papers on Greek and Hellenistic legal history (Durham, September 2-6 2007)</subfield>
      </datafield>
      <datafield tag="264" ind1=" " ind2="1">
         <subfield code="a">Wien :</subfield>
         <subfield code="b">Verlag der Österreichischen Akademie der Wissenschaften,</subfield>
         <subfield code="c">2008.</subfield>
      </datafield>
      <datafield tag="264" ind1=" " ind2="4">
         <subfield code="a">©2008</subfield>
      </datafield>
      <datafield tag="300" ind1=" " ind2=" ">
         <subfield code="a">ix, 375 pages :</subfield>
         <subfield code="b">portrait ;</subfield>
         <subfield code="c">23 cm.</subfield>
      </datafield>
      <datafield tag="336" ind1=" " ind2=" ">
         <subfield code="a">text</subfield>
         <subfield code="2">rdacontent</subfield>
      </datafield>
      <datafield tag="337" ind1=" " ind2=" ">
         <subfield code="a">unmediated</subfield>
         <subfield code="2">rdamedia</subfield>
      </datafield>
      <datafield tag="338" ind1=" " ind2=" ">
         <subfield code="a">volume</subfield>
         <subfield code="2">rdacarrier</subfield>
      </datafield>
      <datafield tag="490" ind1="1" ind2=" ">
         <subfield code="a">Akten der Gesellschaft für griechische und hellenistische Rechtsgeschichte ;</subfield>
         <subfield code="v">Band 20</subfield>
      </datafield>
      <datafield tag="546" ind1=" " ind2=" ">
         <subfield code="a">Contributions in English, French, German, or Italian.</subfield>
      </datafield>
      <datafield tag="500" ind1=" " ind2=" ">
         <subfield code="a">At head of title: Österreichische Akademie der Wissenschaften, Philosophisch-historische Klasse, Kommission für antike Rechtsgeschichte.</subfield>
      </datafield>
      <datafield tag="500" ind1=" " ind2=" ">
         <subfield code="a">"In memoriam Henri van Effenterre"--Page [v].</subfield>
      </datafield>
      <datafield tag="504" ind1=" " ind2=" ">
         <subfield code="a">Includes bibliographical references and index.</subfield>
      </datafield>
      <datafield tag="504" ind1=" " ind2=" ">
         <subfield code="a">Bibliographie d'Henri van Effenterre: pages [343]-348.</subfield>
      </datafield>
      <datafield tag="505" ind1="0" ind2="0">
         <subfield code="g">I. Archaic and Classical Greek law.</subfield>
         <subfield code="t">Drakon's homicide law /</subfield>
         <subfield code="r">Raymond Westbrook --</subfield>
         <subfield code="t">Response to Raymond Westbrook /</subfield>
         <subfield code="r">Karen Rørby Kristensen --</subfield>
         <subfield code="t">Athenian juries in military graphai /</subfield>
         <subfield code="r">David Whitehead --</subfield>
         <subfield code="t">Response to David Whitehead /</subfield>
         <subfield code="r">P.J. Rhodes --</subfield>
         <subfield code="t">Isaeus and the Athenian inheritance laws /</subfield>
         <subfield code="r">Michael J. Edwards --</subfield>
         <subfield code="t">Response to Michael J. Edwards /</subfield>
         <subfield code="r">Stephen C. Todd --</subfield>
         <subfield code="t">Oralità e scrittura nella prassi giudiziaria ateniese tra V e IV sec. a.C. /</subfield>
         <subfield code="r">Michele Faraguna --</subfield>
         <subfield code="t">Response to Michele Faraguna /</subfield>
         <subfield code="r">Michael Gagarin --</subfield>
         <subfield code="t">Athenian penalty of epobelia /</subfield>
         <subfield code="r">Douglas M. MacDowell --</subfield>
         <subfield code="t">Response to Douglas M. MacDowell /</subfield>
         <subfield code="r">Robert W. Wallace --</subfield>
         <subfield code="t">Indeterminacy in Greek law : statutory gaps and conflicts /</subfield>
         <subfield code="r">James P. Sickinger --</subfield>
         <subfield code="t">Response to James P. Sickinger /</subfield>
         <subfield code="r">Lene Rubinstein --</subfield>
         <subfield code="t">Sanctions in sacred laws /</subfield>
         <subfield code="r">F.S. Naiden --</subfield>
         <subfield code="t">Antwort auf F.S. Naiden /</subfield>
         <subfield code="r">Martin Dreher --</subfield>
         <subfield code="t">Droit et altérité dans le monde ancien : le cas des mineurs dans l'Athènes classique /</subfield>
         <subfield code="r">Sophie Adam-Magnissali --</subfield>
         <subfield code="t">Réponse à Sophie Adam-Magnissali /</subfield>
         <subfield code="r">Barbara Anagnostou-Canas --</subfield>
         <subfield code="t">Ownership and security in Macedonian sale documents /</subfield>
         <subfield code="r">Gerhard Thür --</subfield>
         <subfield code="t">Response to Gerhard Thür /</subfield>
         <subfield code="r">Edward M. Harris --</subfield>
      </datafield>
      <datafield tag="505" ind1="0" ind2="0">
         <subfield code="g">II. Hellenistic and Greco-Roman law.</subfield>
         <subfield code="t">Economia e diritto nell'Atene del IV secolo /</subfield>
         <subfield code="r">Alberto Maffi --</subfield>
         <subfield code="t">Risposta a Alberto Maffi /</subfield>
         <subfield code="r">Mario Talamanca --</subfield>
         <subfield code="t">Monarchie lagide est-elle un "État de droit"? : sanctions des atteintes à la sûreté et à l'économie du royaume /</subfield>
         <subfield code="r">Joseph Mélèze Modrzejewski --</subfield>
         <subfield code="t">Réponse à Joseph Mélèze Modrzejewski /</subfield>
         <subfield code="r">Jean-Marie Bertrand --</subfield>
         <subfield code="t">Nothoi hellénistiques /</subfield>
         <subfield code="r">Julie Vélissaropoulos-Karakostas --</subfield>
         <subfield code="t">Réponse à Julie Vélissaropoulos-Karakostas /</subfield>
         <subfield code="r">Andréas Helmis --</subfield>
         <subfield code="t">Militärs in der Rechtsprechung des römischen Ägypten /</subfield>
         <subfield code="r">Bernhard Palme --</subfield>
         <subfield code="t">Antwort auf Bernhard Palme /</subfield>
         <subfield code="r">Éva Jakab --</subfield>
         <subfield code="t">Forensische Medizin im römischen und spätantiken Ägypten /</subfield>
         <subfield code="r">Fritz Mitthof --</subfield>
         <subfield code="t">Réponse à Fritz Mitthof /</subfield>
         <subfield code="r">Bernard Legras --</subfield>
         <subfield code="t">Cheirographon and the privatization of scribal activity in early Roman Oxyrhynchos --</subfield>
         <subfield code="r">Uri Yiftach-Firanko --</subfield>
         <subfield code="t">Henri van Effenterre.</subfield>
      </datafield>
      <datafield tag="650" ind1=" " ind2="0">
         <subfield code="a">Law, Greek</subfield>
         <subfield code="v">Congresses.</subfield>
      </datafield>
      <datafield tag="650" ind1=" " ind2="0">
         <subfield code="a">Roman law</subfield>
         <subfield code="v">Congresses.</subfield>
      </datafield>
      <datafield tag="650" ind1=" " ind2="0">
         <subfield code="a">Law, Ancient</subfield>
         <subfield code="v">Congresses.</subfield>
      </datafield>
      <datafield tag="600" ind1="1" ind2="0">
         <subfield code="a">Effenterre, Henri van,</subfield>
         <subfield code="d">1912-2007</subfield>
         <subfield code="v">Bibliography.</subfield>
      </datafield>
      <datafield tag="700" ind1="1" ind2=" ">
         <subfield code="a">Harris, Edward Monroe</subfield>
         <subfield code="e">editor of compilation.</subfield>
      </datafield>
      <datafield tag="700" ind1="1" ind2=" ">
         <subfield code="a">Thür, Gerhard</subfield>
         <subfield code="e">editor of compilation.</subfield>
      </datafield>
      <datafield tag="710" ind1="2" ind2=" ">
         <subfield code="a">Gesellschaft für Griechische und Hellenistische Rechtsgeschichte.</subfield>
      </datafield>
      <datafield tag="710" ind1="2" ind2=" ">
         <subfield code="a">Österreichische Akademie der Wissenschaften.</subfield>
         <subfield code="b">Kommission für Antike Rechtsgeschichte.</subfield>
      </datafield>
      <datafield tag="830" ind1=" " ind2="0">
         <subfield code="a">Akten der Gesellschaft für Griechische und Hellenistische Rechtsgeschichte ;</subfield>
         <subfield code="v">Bd. 20.</subfield>
      </datafield>
      <datafield tag="OWN" ind1=" " ind2=" ">
         <subfield code="a">GENERAL</subfield>
      </datafield>
      <datafield tag="936" ind1=" " ind2=" ">
         <subfield code="a">PR 496920456</subfield>
      </datafield>
      <datafield tag="AVA" ind1=" " ind2=" ">
         <subfield code="a">NYU50</subfield>
         <subfield code="b">NISAW</subfield>
         <subfield code="c">Small Collection</subfield>
         <subfield code="d">KL4106.5 .G47 2007</subfield>
         <subfield code="e">available</subfield>
         <subfield code="t">Available</subfield>
         <subfield code="f">1</subfield>
         <subfield code="g">0</subfield>
         <subfield code="h">N</subfield>
         <subfield code="i">0</subfield>
         <subfield code="j">SMALL</subfield>
         <subfield code="k">0</subfield>
      </datafield>
      <marc:datafield tag="852" ind1=" " ind2=" ">
         <marc:subfield code="b">Institute for the Study of the Ancient World, </marc:subfield>
         <marc:subfield code="c">Small Collection</marc:subfield>
         <marc:subfield code="e">15 East 84th St., </marc:subfield>
         <marc:subfield code="e">New York, NY  10028</marc:subfield>
      </marc:datafield>
   </record>