
  
  
  
  
  
 
  
  <record xsi:schemaLocation="http://www.loc.gov/MARC21/slim http://www.loc.gov/standards/marcxml/schema/MARC21slim.xsd">
      <leader>00000nam a22      i 4500</leader>
      <controlfield tag="FMT">BK</controlfield>
      <controlfield tag="LDR">00000nam a22      i 4500</controlfield>
      <controlfield tag="001">004029644</controlfield>
      <controlfield tag="005">20140820150233.0</controlfield>
      <controlfield tag="008">140820t20122012au       b    101 0 fre d</controlfield>
      <datafield tag="020" ind1=" " ind2=" ">
         <subfield code="a">9783700173700</subfield>
      </datafield>
      <datafield tag="040" ind1=" " ind2=" ">
         <subfield code="a">NNU</subfield>
         <subfield code="b">eng</subfield>
         <subfield code="e">rda</subfield>
         <subfield code="c">NNU</subfield>
      </datafield>
      <datafield tag="041" ind1="0" ind2=" ">
         <subfield code="a">fre</subfield>
         <subfield code="a">eng</subfield>
         <subfield code="a">ger</subfield>
         <subfield code="a">ita</subfield>
      </datafield>
      <datafield tag="050" ind1=" " ind2="4">
         <subfield code="a">KL4106.5</subfield>
         <subfield code="b">.G47 2011</subfield>
      </datafield>
      <datafield tag="110" ind1="2" ind2=" ">
         <subfield code="a">Gesellschaft für Griechische und Hellenistische Rechtsgeschichte.</subfield>
         <subfield code="b">Symposion</subfield>
         <subfield code="n">(18th :</subfield>
         <subfield code="d">2011 :</subfield>
         <subfield code="c">Paris, France)</subfield>
      </datafield>
      <datafield tag="245" ind1="1" ind2="0">
         <subfield code="a">Symposion 2011 :</subfield>
         <subfield code="b">études d'histoire du droit grec et hellénistique (Paris, 7-10 septembre 2011) = Vorträge zur griechischen und hellenistischen Rechtsgeschichte (Paris, 7.-10. September 2011) /</subfield>
         <subfield code="c">éditées par / herausgegeben von Bernard Legras, Gerhard Thür.</subfield>
      </datafield>
      <datafield tag="246" ind1="3" ind2="0">
         <subfield code="a">Études d'histoire du droit grec et hellénistique (Paris, 7-10 septembre 2011)</subfield>
      </datafield>
      <datafield tag="246" ind1="3" ind2="0">
         <subfield code="a">Vorträge zur griechischen und hellenistischen Rechtsgeschichte (Paris, 7.-10. September 2011)</subfield>
      </datafield>
      <datafield tag="246" ind1="3" ind2="1">
         <subfield code="a">Symposion 2011 :</subfield>
         <subfield code="b">Vorträge zur griechischen und hellenistischen Rechtsgeschichte (Paris, 7.-10. September 2011)</subfield>
      </datafield>
      <datafield tag="264" ind1=" " ind2="1">
         <subfield code="a">Wien :</subfield>
         <subfield code="b">Verlag der Österreichischen Akademie der Wissenschaften,</subfield>
         <subfield code="c">2012.</subfield>
      </datafield>
      <datafield tag="264" ind1=" " ind2="4">
         <subfield code="a">©2012</subfield>
      </datafield>
      <datafield tag="300" ind1=" " ind2=" ">
         <subfield code="a">vii, 434 pages ;</subfield>
         <subfield code="c">23 cm.</subfield>
      </datafield>
      <datafield tag="336" ind1=" " ind2=" ">
         <subfield code="a">text</subfield>
         <subfield code="2">rdacontent</subfield>
      </datafield>
      <datafield tag="337" ind1=" " ind2=" ">
         <subfield code="a">unmediated</subfield>
         <subfield code="2">rdamedia</subfield>
      </datafield>
      <datafield tag="338" ind1=" " ind2=" ">
         <subfield code="a">volume</subfield>
         <subfield code="2">rdacarrier</subfield>
      </datafield>
      <datafield tag="490" ind1="1" ind2=" ">
         <subfield code="a">Akten der Gesellschaft für griechische und hellenistische Rechtsgeschichte ;</subfield>
         <subfield code="v">Band 23</subfield>
      </datafield>
      <datafield tag="546" ind1=" " ind2=" ">
         <subfield code="a">Contributions in French, English, German, or Italian.</subfield>
      </datafield>
      <datafield tag="500" ind1=" " ind2=" ">
         <subfield code="a">At head of title: Österreichische Akademie der Wissenschaften, Philosophisch-historische Klasse, Kommission für antike Rechtsgeschichte.</subfield>
      </datafield>
      <datafield tag="504" ind1=" " ind2=" ">
         <subfield code="a">Includes bibliographical references and index.</subfield>
      </datafield>
      <datafield tag="505" ind1="0" ind2="0">
         <subfield code="t">De Chantilly (1977) à Paris (2011) : le droit grec et hellénistique en France /</subfield>
         <subfield code="r">Bernard Legras --</subfield>
         <subfield code="t">Dire le droit : retour sur la grande rhètra /</subfield>
         <subfield code="r">Françoise Ruzé --</subfield>
         <subfield code="t">Observations on the Great Rhetra : a response to Françoise Ruzé /</subfield>
         <subfield code="r">Michael Gagarin --</subfield>
         <subfield code="t">Origine et application du principe de majorité dans la Grèce ancienne /</subfield>
         <subfield code="r">Alberto Maffi --</subfield>
         <subfield code="t">Publication of voting-figures in the ancient Greek world : a response to Alberto Maffi /</subfield>
         <subfield code="r">Stephen C. Todd --</subfield>
         <subfield code="t">Qualche considerazione intorno al controllo di legittimità a Atene /</subfield>
         <subfield code="r">Antonio Banfi --</subfield>
         <subfield code="t">Quel remède à quelle crise? : la fonction des nomophylaques dans le "contrôle de la légitimité constitutionnelle" athénienne sous Démétrios de Phalère : réponse à Antonio Banfi /</subfield>
         <subfield code="r">Jean-Christophe Couvenhes --</subfield>
         <subfield code="t">Social sanctions in classical Athens /</subfield>
         <subfield code="r">Adriaan Lanni --</subfield>
         <subfield code="t">How was order maintained in classical Athens? : a response to Adriaan Lanni /</subfield>
         <subfield code="r">Eva Cantarella --</subfield>
         <subfield code="t">When the Athenians did not enforce their laws /</subfield>
         <subfield code="r">Robert W. Wallace --</subfield>
         <subfield code="t">Périmètre de la légalité dans l'Athènes classique : réponse à Robert Wallace /</subfield>
         <subfield code="r">Paulin Ismard --</subfield>
         <subfield code="t">Myth of autochthony, Athenian citizenship, and the right of enktesis : a legal approach to Euripides' Ion /</subfield>
         <subfield code="r">Delfim F. Leão --</subfield>
         <subfield code="t">Legal horizon of Euripides' Ion : a response to Delfim Leão /</subfield>
         <subfield code="r">Adele C. Scafuro --</subfield>
         <subfield code="t">Società, amministrazione, diritto : lo statuto giuridico di tombe e periboloi nell'Atene classica /</subfield>
         <subfield code="r">Michele Faraguna --</subfield>
         <subfield code="t">Öffentliches und privates Eigentum an Grabstätten in kaiserzeitlichen Inschriften aus Athen und Kleinasien : Antwort auf Michele Faraguna /</subfield>
         <subfield code="r">Kaja Harter-Uipobuu --</subfield>
         <subfield code="t">Entre privé, public, civique : à propos de l'intégration de cultes extérieurs dans l'Athènes classique /</subfield>
         <subfield code="r">François de Polignac --</subfield>
         <subfield code="t">Réponse à Françoise de Polignac : l'introduction d'un culte étranger à Athènes /</subfield>
         <subfield code="r">Claude Mossé --</subfield>
         <subfield code="t">Judicial implications of Athenian slaves' commercial activity /</subfield>
         <subfield code="r">Edward E. Cohen --</subfield>
      </datafield>
      <datafield tag="505" ind1="0" ind2="0">
         <subfield code="t">Rôle dees esclaves dans l'économie athénienne : réponse à Edward Cohen /</subfield>
         <subfield code="r">Athina Dimopoulou --</subfield>
         <subfield code="t">Droit et marché en Grèce ancienne : de la monnaie athénienne comme loi /</subfield>
         <subfield code="r">Christophe Pébarthe --</subfield>
         <subfield code="t">Character of ancient Near Eastern economy : response to Christophe Pébarthe /</subfield>
         <subfield code="r">Guido Pfeifer --</subfield>
         <subfield code="t">Périègèta : un nouveau terme de la vente grecque /</subfield>
         <subfield code="r">Julie Velissaropoulos-Karakostas --</subfield>
         <subfield code="t">Kauf-horos aus Paros : Antwort auf J. Velissaropoulos-Karakostas /</subfield>
         <subfield code="r">Martin Dreher --</subfield>
         <subfield code="t">Dispute over ownership in Greek law : preliminary thoughts about a new inscription from Messene (SEG LVIII 370) /</subfield>
         <subfield code="r">Gerhard Thür --</subfield>
         <subfield code="t">Remarques sur une inscription messénienne : réponse à Gerhard Thür /</subfield>
         <subfield code="r">Maria S. Youni --</subfield>
         <subfield code="t">Individual and collective liabilities of boards of officials in the late classical and early Hellenistic period /</subfield>
         <subfield code="r">Lene Rubinstein --</subfield>
         <subfield code="t">Modalités de contrôle des magistrats de Thasos aux époques classique et hellénistique : réponse à Lene Rubinstein /</subfield>
         <subfield code="r">Julien Fournier --</subfield>
         <subfield code="t">Death of the surety /</subfield>
         <subfield code="r">Uri Yiftach-Firanko --</subfield>
         <subfield code="t">Zur Bürgschaft in den Papyri : Antwort auf Uri Yiftach-Firanko /</subfield>
         <subfield code="r">Hans-Albert Rupprecht --</subfield>
         <subfield code="t">Problématique de la fiction dans le droit de l'Égypte hellénistique /</subfield>
         <subfield code="r">Andréas Helmis --</subfield>
         <subfield code="t">Zur Fiktion im Recht der Papyri und bei Fritz Pringsheim : Antwort auf Andréas Helmis /</subfield>
         <subfield code="r">Andrea Jördens.</subfield>
      </datafield>
      <datafield tag="650" ind1=" " ind2="0">
         <subfield code="a">Law, Greek</subfield>
         <subfield code="v">Congresses.</subfield>
      </datafield>
      <datafield tag="650" ind1=" " ind2="0">
         <subfield code="a">Roman law</subfield>
         <subfield code="v">Congresses.</subfield>
      </datafield>
      <datafield tag="650" ind1=" " ind2="0">
         <subfield code="a">Law, Ancient</subfield>
         <subfield code="v">Congresses.</subfield>
      </datafield>
      <datafield tag="700" ind1="1" ind2=" ">
         <subfield code="a">Legras, Bernard</subfield>
         <subfield code="e">editor of compilation.</subfield>
      </datafield>
      <datafield tag="700" ind1="1" ind2=" ">
         <subfield code="a">Thür, Gerhard</subfield>
         <subfield code="e">editor of compilation.</subfield>
      </datafield>
      <datafield tag="710" ind1="2" ind2=" ">
         <subfield code="a">Gesellschaft für Griechische und Hellenistische Rechtsgeschichte.</subfield>
      </datafield>
      <datafield tag="710" ind1="2" ind2=" ">
         <subfield code="a">Österreichische Akademie der Wissenschaften.</subfield>
         <subfield code="b">Kommission für Antike Rechtsgeschichte.</subfield>
      </datafield>
      <datafield tag="830" ind1=" " ind2="0">
         <subfield code="a">Akten der Gesellschaft für Griechische und Hellenistische Rechtsgeschichte ;</subfield>
         <subfield code="v">Bd. 23.</subfield>
      </datafield>
      <datafield tag="OWN" ind1=" " ind2=" ">
         <subfield code="a">GENERAL</subfield>
      </datafield>
      <datafield tag="936" ind1=" " ind2=" ">
         <subfield code="a">PR 828810050</subfield>
      </datafield>
      <datafield tag="AVA" ind1=" " ind2=" ">
         <subfield code="a">NYU50</subfield>
         <subfield code="b">NISAW</subfield>
         <subfield code="c">Small Collection</subfield>
         <subfield code="d">KL4106.5 .G47 2011</subfield>
         <subfield code="e">available</subfield>
         <subfield code="t">Available</subfield>
         <subfield code="f">1</subfield>
         <subfield code="g">0</subfield>
         <subfield code="h">N</subfield>
         <subfield code="i">0</subfield>
         <subfield code="j">SMALL</subfield>
         <subfield code="k">0</subfield>
      </datafield>
      <marc:datafield tag="852" ind1=" " ind2=" ">
         <marc:subfield code="b">Institute for the Study of the Ancient World, </marc:subfield>
         <marc:subfield code="c">Small Collection</marc:subfield>
         <marc:subfield code="e">15 East 84th St., </marc:subfield>
         <marc:subfield code="e">New York, NY  10028</marc:subfield>
      </marc:datafield>
   </record>