
  
  
  
  
  
  
 
  
  <record xsi:schemaLocation="http://www.loc.gov/MARC21/slim http://www.loc.gov/standards/marcxml/schema/MARC21slim.xsd">
      <leader>00000cam a2200757 a 4500</leader>
      <controlfield tag="FMT">BK</controlfield>
      <controlfield tag="LDR">00000cam a2200757 a 4500</controlfield>
      <controlfield tag="001">004030181</controlfield>
      <controlfield tag="003">OCoLC</controlfield>
      <controlfield tag="005">20140822094236.0</controlfield>
      <controlfield tag="008">140822s2000    fr abe   b    100 0 eng c</controlfield>
      <datafield tag="010" ind1=" " ind2=" ">
         <subfield code="a">2003535041</subfield>
      </datafield>
      <datafield tag="020" ind1=" " ind2=" ">
         <subfield code="a">2907303252</subfield>
      </datafield>
      <datafield tag="020" ind1=" " ind2=" ">
         <subfield code="a">9782907303255</subfield>
      </datafield>
      <datafield tag="035" ind1=" " ind2=" ">
         <subfield code="a">(OCoLC)45891955</subfield>
      </datafield>
      <datafield tag="040" ind1=" " ind2=" ">
         <subfield code="a">BAD</subfield>
         <subfield code="b">eng</subfield>
         <subfield code="c">BAD</subfield>
         <subfield code="d">DLC</subfield>
         <subfield code="d">CGU</subfield>
         <subfield code="d">TZT</subfield>
         <subfield code="d">OCLCQ</subfield>
         <subfield code="d">BTCTA</subfield>
         <subfield code="d">OCLCQ</subfield>
         <subfield code="d">GEBAY</subfield>
         <subfield code="d">YDXCP</subfield>
         <subfield code="d">ZWZ</subfield>
         <subfield code="d">OCLCQ</subfield>
         <subfield code="d">OCLCO</subfield>
         <subfield code="d">OCLCF</subfield>
         <subfield code="d">OCLCQ</subfield>
         <subfield code="d">NNU</subfield>
      </datafield>
      <datafield tag="041" ind1="0" ind2=" ">
         <subfield code="a">eng</subfield>
         <subfield code="a">fre</subfield>
         <subfield code="a">ger</subfield>
         <subfield code="a">ita</subfield>
      </datafield>
      <datafield tag="042" ind1=" " ind2=" ">
         <subfield code="a">pcc</subfield>
      </datafield>
      <datafield tag="043" ind1=" " ind2=" ">
         <subfield code="a">e------</subfield>
      </datafield>
      <datafield tag="050" ind1="0" ind2="0">
         <subfield code="a">TT220</subfield>
         <subfield code="b">.I76 2000</subfield>
      </datafield>
      <datafield tag="072" ind1=" " ind2="7">
         <subfield code="a">D</subfield>
         <subfield code="2">lcco</subfield>
      </datafield>
      <datafield tag="082" ind1="0" ind2="0">
         <subfield code="a">682/.094</subfield>
         <subfield code="2">22</subfield>
      </datafield>
      <datafield tag="245" ind1="0" ind2="0">
         <subfield code="a">Iron, blacksmiths and tools :</subfield>
         <subfield code="b">ancient European crafts : acts of the Instrumentum Conference at Podsreda (Slovenia) in April 1999 /</subfield>
         <subfield code="c">M. Feugère, M. Guštin (eds.) ; preface by Vincent Serneels.</subfield>
      </datafield>
      <datafield tag="246" ind1="3" ind2="0">
         <subfield code="a">Ancient European crafts :</subfield>
         <subfield code="b">acts of the Instrumentum Conference at Podsreda (Slovenia) in April 1999</subfield>
      </datafield>
      <datafield tag="246" ind1="3" ind2="0">
         <subfield code="a">Instrumentum Conference</subfield>
      </datafield>
      <datafield tag="260" ind1=" " ind2=" ">
         <subfield code="a">Montagnac :</subfield>
         <subfield code="b">M. Mergoil,</subfield>
         <subfield code="c">2000.</subfield>
      </datafield>
      <datafield tag="300" ind1=" " ind2=" ">
         <subfield code="a">248 pages :</subfield>
         <subfield code="b">illustrations, maps, plans ;</subfield>
         <subfield code="c">30 cm.</subfield>
      </datafield>
      <datafield tag="336" ind1=" " ind2=" ">
         <subfield code="a">text</subfield>
         <subfield code="b">txt</subfield>
         <subfield code="2">rdacontent</subfield>
      </datafield>
      <datafield tag="337" ind1=" " ind2=" ">
         <subfield code="a">unmediated</subfield>
         <subfield code="b">n</subfield>
         <subfield code="2">rdamedia</subfield>
      </datafield>
      <datafield tag="338" ind1=" " ind2=" ">
         <subfield code="a">volume</subfield>
         <subfield code="b">nc</subfield>
         <subfield code="2">rdacarrier</subfield>
      </datafield>
      <datafield tag="490" ind1="1" ind2=" ">
         <subfield code="a">Monographies instrumentum,</subfield>
         <subfield code="x">1278-3846 ;</subfield>
         <subfield code="v">12</subfield>
      </datafield>
      <datafield tag="546" ind1=" " ind2=" ">
         <subfield code="a">Contributions in English, French, German, or Italian.</subfield>
      </datafield>
      <datafield tag="504" ind1=" " ind2=" ">
         <subfield code="a">Includes bibliographical references.</subfield>
      </datafield>
      <datafield tag="505" ind1="0" ind2="0">
         <subfield code="g">part 1. Crafts in general.</subfield>
         <subfield code="t">Vie rurale et artisanat du fer dans les campagnes d'Alésia /</subfield>
         <subfield code="r">M. Mangin --</subfield>
         <subfield code="t">Itinerant smiths in the Iberian Iron Age? (6th-2nd centuries BC) /</subfield>
         <subfield code="r">F. Quesada, M. Zamora, F. Requena --</subfield>
         <subfield code="t">Gold and silver production in the 15th and 16th century based on the results of archaeological excavations in the Gasteiner Tal, Austria /</subfield>
         <subfield code="r">B. Cech --</subfield>
         <subfield code="t">Fabbri e produzione di armi nel medioevo : l'area friulana /</subfield>
         <subfield code="r">F. Bressan --</subfield>
         <subfield code="g">part 2. Workshops.</subfield>
         <subfield code="t">Atelier de forge de l'âge du Fer au "Bois du Jarrier 3", commune de la Celle-sur-Loire (F, Nièvre) /</subfield>
         <subfield code="r">L. Orengo, E. Frénée, P. Fluzin --</subfield>
         <subfield code="t">Eisenproduktion und Eisenverarbeitung in Nordgallien und dem Rheinland während der römischen Kaiserzeit /</subfield>
         <subfield code="r">M. Polfer --</subfield>
         <subfield code="t">Iron smelting in the pre-Roman and Roman periods in central Poland /</subfield>
         <subfield code="r">K. Czarnecka --</subfield>
         <subfield code="t">Iron furnaces from Sela pri Dobu near Ivančna gorica (Slovenia) /</subfield>
         <subfield code="r">M. Horvat --</subfield>
         <subfield code="t">Forneaux der réduction du minerai de fer chez les Daces /</subfield>
         <subfield code="r">E. Iaroslavschi --</subfield>
         <subfield code="t">Stone and metal working on the Roman site of Châbles-les-Saux (Ct. Fribourg, Switzerland) /</subfield>
         <subfield code="r">T. Anderson, A. Duvauchelle, V. Serneels, C. Agustoni --</subfield>
         <subfield code="t">Results of geophysical prospecting on prehistoric and Late Roman sites associated with iron metallurgy : case studies : Cvinger near Meniška vas and Ajdovščina above Rodik (Slovenia) /</subfield>
         <subfield code="r">B. Mušič --</subfield>
         <subfield code="t">Emploi des bloc-tuyères dans les forges antiques du centre de la Gaule (Auvergne, Lyonnais et Forez au deuxième âge du Fer et à l'époque romaine) : découvertes archéologiques et expérimentation /</subfield>
         <subfield code="r">L. Orengo, J.-M. Bonnon, D. Bevilacqua --</subfield>
      </datafield>
      <datafield tag="505" ind1="0" ind2="0">
         <subfield code="g">part 3. Roman tools.</subfield>
         <subfield code="t">Outillage antique de Ruscino (Château-Roussillon, Pyrénées-Orientales, F) /</subfield>
         <subfield code="r">R. Marichal --</subfield>
         <subfield code="t">Outillage agricole et quincaillerie antique de Valentine (F, Haute-Garonne) /</subfield>
         <subfield code="r">M. Feugère --</subfield>
         <subfield code="t">Bewährte Simplizität : zu einem Neufund aus dem Kastellvicus von Favianis/Mautern an der Donau (Österreich) /</subfield>
         <subfield code="r">H. Sedlmayer --</subfield>
         <subfield code="t">Late Roman tool finds from Celje, Gradišče at Zbelovska gora and Sv. Pavel above Vrtovin (Slovenia) /</subfield>
         <subfield code="r">A. Gaspari, M. Guštin, I. Lazar, B. Žbona Trkman --</subfield>
         <subfield code="t">Late antique wood-working tools from Grdavov hrib near Kamnik (Slovenia) /</subfield>
         <subfield code="r">M. Sagadin --</subfield>
         <subfield code="t">Krvavica bei Vransko in Slowenien, Höhensiedlung des 3. bis 6. Jahrhunderts /</subfield>
         <subfield code="r">R. Krempuš --</subfield>
         <subfield code="t">Outils en fer pour le travail des métaux non ferreux en Dacie préromaine (Ier siècle av. J.-C.-Ier siècle ap. J.-C.) /</subfield>
         <subfield code="r">A. Rustoiu --</subfield>
         <subfield code="t">Neuere Angaben zu einigen Wagenbeschlägen /</subfield>
         <subfield code="r">Z. Visy.</subfield>
      </datafield>
      <datafield tag="650" ind1=" " ind2="0">
         <subfield code="a">Blacksmithing</subfield>
         <subfield code="z">Europe</subfield>
         <subfield code="x">History</subfield>
         <subfield code="v">Congresses.</subfield>
      </datafield>
      <datafield tag="650" ind1=" " ind2="0">
         <subfield code="a">Ironwork</subfield>
         <subfield code="z">Europe</subfield>
         <subfield code="x">History</subfield>
         <subfield code="v">Congresses.</subfield>
      </datafield>
      <datafield tag="650" ind1=" " ind2="0">
         <subfield code="a">Iron implements</subfield>
         <subfield code="z">Europe</subfield>
         <subfield code="v">Congresses.</subfield>
      </datafield>
      <datafield tag="651" ind1=" " ind2="0">
         <subfield code="a">Europe</subfield>
         <subfield code="x">Antiquities</subfield>
         <subfield code="v">Congresses.</subfield>
      </datafield>
      <datafield tag="650" ind1=" " ind2="7">
         <subfield code="a">Antiquities.</subfield>
         <subfield code="2">fast</subfield>
         <subfield code="0">(OCoLC)fst00810745</subfield>
      </datafield>
      <datafield tag="650" ind1=" " ind2="7">
         <subfield code="a">Blacksmithing.</subfield>
         <subfield code="2">fast</subfield>
         <subfield code="0">(OCoLC)fst00834036</subfield>
      </datafield>
      <datafield tag="650" ind1=" " ind2="7">
         <subfield code="a">Iron implements.</subfield>
         <subfield code="2">fast</subfield>
         <subfield code="0">(OCoLC)fst00979217</subfield>
      </datafield>
      <datafield tag="650" ind1=" " ind2="7">
         <subfield code="a">Ironwork.</subfield>
         <subfield code="2">fast</subfield>
         <subfield code="0">(OCoLC)fst00979375</subfield>
      </datafield>
      <datafield tag="651" ind1=" " ind2="7">
         <subfield code="a">Europe.</subfield>
         <subfield code="2">fast</subfield>
         <subfield code="0">(OCoLC)fst01245064</subfield>
      </datafield>
      <datafield tag="655" ind1=" " ind2="7">
         <subfield code="a">Conference proceedings.</subfield>
         <subfield code="2">fast</subfield>
         <subfield code="0">(OCoLC)fst01423772</subfield>
      </datafield>
      <datafield tag="700" ind1="1" ind2=" ">
         <subfield code="a">Feugère, Michel</subfield>
         <subfield code="e">contributor,</subfield>
         <subfield code="e">editor of compilation.</subfield>
      </datafield>
      <datafield tag="700" ind1="1" ind2=" ">
         <subfield code="a">Guštin, Mitja</subfield>
         <subfield code="e">contributor,</subfield>
         <subfield code="e">editor of compilation.</subfield>
      </datafield>
      <datafield tag="776" ind1="0" ind2="8">
         <subfield code="i">Online version:</subfield>
         <subfield code="t">Iron, blacksmiths and tools.</subfield>
         <subfield code="d">Montagnac : Edition M. Mergoil, 2000</subfield>
         <subfield code="w">(OCoLC)606984218</subfield>
      </datafield>
      <datafield tag="776" ind1="0" ind2="8">
         <subfield code="i">Online version:</subfield>
         <subfield code="t">Iron, blacksmiths and tools.</subfield>
         <subfield code="d">Montagnac : Edition M. Mergoil, 2000</subfield>
         <subfield code="w">(OCoLC)608954765</subfield>
      </datafield>
      <datafield tag="830" ind1=" " ind2="0">
         <subfield code="a">Monographies instrumentum ;</subfield>
         <subfield code="v">12.</subfield>
      </datafield>
      <datafield tag="994" ind1=" " ind2=" ">
         <subfield code="a">Z0</subfield>
         <subfield code="b">ZYU</subfield>
      </datafield>
      <datafield tag="OWN" ind1=" " ind2=" ">
         <subfield code="a">GENERAL</subfield>
      </datafield>
      <datafield tag="936" ind1=" " ind2=" ">
         <subfield code="a">PR 803828553</subfield>
      </datafield>
      <datafield tag="AVA" ind1=" " ind2=" ">
         <subfield code="a">NYU50</subfield>
         <subfield code="b">NISAW</subfield>
         <subfield code="c">Oversize Collection</subfield>
         <subfield code="d">TT220 .I76 2000</subfield>
         <subfield code="e">available</subfield>
         <subfield code="t">Available</subfield>
         <subfield code="f">1</subfield>
         <subfield code="g">0</subfield>
         <subfield code="h">N</subfield>
         <subfield code="i">0</subfield>
         <subfield code="j">OVERZ</subfield>
         <subfield code="k">0</subfield>
      </datafield>
      <marc:datafield tag="852" ind1=" " ind2=" ">
         <marc:subfield code="b">Institute for the Study of the Ancient World, </marc:subfield>
         <marc:subfield code="c">Oversize Collection</marc:subfield>
         <marc:subfield code="e">15 East 84th St., </marc:subfield>
         <marc:subfield code="e">New York, NY  10028</marc:subfield>
      </marc:datafield>
   </record>