
  
  
  
  
  
  
  
 
  
  <record xsi:schemaLocation="http://www.loc.gov/MARC21/slim http://www.loc.gov/standards/marcxml/schema/MARC21slim.xsd">
      <leader>00000cam a2200853 i 4500</leader>
      <controlfield tag="FMT">BK</controlfield>
      <controlfield tag="LDR">00000cam a2200853 i 4500</controlfield>
      <controlfield tag="001">004030281</controlfield>
      <controlfield tag="003">OCoLC</controlfield>
      <controlfield tag="005">20140822145346.0</controlfield>
      <controlfield tag="008">140822t20132013enkab    b    001 0 eng</controlfield>
      <datafield tag="010" ind1=" " ind2=" ">
         <subfield code="a">2012032869</subfield>
      </datafield>
      <datafield tag="015" ind1=" " ind2=" ">
         <subfield code="a">GBB319555</subfield>
         <subfield code="2">bnb</subfield>
      </datafield>
      <datafield tag="020" ind1=" " ind2=" ">
         <subfield code="a">9781107012561 (cloth)</subfield>
      </datafield>
      <datafield tag="020" ind1=" " ind2=" ">
         <subfield code="a">1107012562 (cloth)</subfield>
      </datafield>
      <datafield tag="024" ind1="8" ind2=" ">
         <subfield code="a">40022472475</subfield>
      </datafield>
      <datafield tag="024" ind1="8" ind2=" ">
         <subfield code="a">(YBP)9009025</subfield>
      </datafield>
      <datafield tag="035" ind1=" " ind2=" ">
         <subfield code="a">(OCoLC)808009203</subfield>
         <subfield code="z">(OCoLC)845282889</subfield>
         <subfield code="z">(OCoLC)855581543</subfield>
      </datafield>
      <datafield tag="040" ind1=" " ind2=" ">
         <subfield code="a">DLC</subfield>
         <subfield code="b">eng</subfield>
         <subfield code="e">rda</subfield>
         <subfield code="c">DLC</subfield>
         <subfield code="d">OCLCO</subfield>
         <subfield code="d">BTCTA</subfield>
         <subfield code="d">UKMGB</subfield>
         <subfield code="d">YDXCP</subfield>
         <subfield code="d">EUW</subfield>
         <subfield code="d">YNK</subfield>
         <subfield code="d">EYM</subfield>
         <subfield code="d">YUS</subfield>
         <subfield code="d">STF</subfield>
         <subfield code="d">OCLCF</subfield>
         <subfield code="d">VP@</subfield>
         <subfield code="d">NLE</subfield>
         <subfield code="d">AU@</subfield>
         <subfield code="d">CHVBK</subfield>
         <subfield code="d">NNU</subfield>
      </datafield>
      <datafield tag="042" ind1=" " ind2=" ">
         <subfield code="a">pcc</subfield>
      </datafield>
      <datafield tag="050" ind1="0" ind2="0">
         <subfield code="a">Z722</subfield>
         <subfield code="b">.A53 2013</subfield>
      </datafield>
      <datafield tag="082" ind1="0" ind2="0">
         <subfield code="a">002.093</subfield>
         <subfield code="2">23</subfield>
      </datafield>
      <datafield tag="084" ind1=" " ind2=" ">
         <subfield code="a">HIS000000</subfield>
         <subfield code="2">bisacsh</subfield>
      </datafield>
      <datafield tag="245" ind1="0" ind2="0">
         <subfield code="a">Ancient libraries /</subfield>
         <subfield code="c">edited by Jason König, Katerina Oikonomopoulou, Greg Woolf.</subfield>
      </datafield>
      <datafield tag="264" ind1=" " ind2="1">
         <subfield code="a">Cambridge :</subfield>
         <subfield code="b">Cambridge University Press,</subfield>
         <subfield code="c">2013.</subfield>
      </datafield>
      <datafield tag="264" ind1=" " ind2="4">
         <subfield code="a">©2013</subfield>
      </datafield>
      <datafield tag="300" ind1=" " ind2=" ">
         <subfield code="a">xx, 479 pages :</subfield>
         <subfield code="b">illustrations, maps ;</subfield>
         <subfield code="c">26 cm</subfield>
      </datafield>
      <datafield tag="336" ind1=" " ind2=" ">
         <subfield code="a">text</subfield>
         <subfield code="2">rdacontent</subfield>
      </datafield>
      <datafield tag="337" ind1=" " ind2=" ">
         <subfield code="a">unmediated</subfield>
         <subfield code="2">rdamedia</subfield>
      </datafield>
      <datafield tag="338" ind1=" " ind2=" ">
         <subfield code="a">volume</subfield>
         <subfield code="2">rdacarrier</subfield>
      </datafield>
      <datafield tag="500" ind1=" " ind2=" ">
         <subfield code="a">Includes indexes.</subfield>
      </datafield>
      <datafield tag="504" ind1=" " ind2=" ">
         <subfield code="a">Bibliography: pages 418-462.</subfield>
      </datafield>
      <datafield tag="520" ind1=" " ind2=" ">
         <subfield code="a">"The circulation of books was the motor of classical civilisation. But books were both expensive and rare, and so libraries - private and public, royal and civic - played key roles in articulating intellectual life. This collection, written by an international team of scholars, presents a fundamental reassessment of how ancient libraries came into being, how they were organised, and how they were used. Drawing on papyrology and archaeology, and on accounts written by those who read and wrote in them, it presents new research on reading cultures, on book collecting, and on the origins of monumental library buildings. Many of the traditional stories told about ancient libraries are challenged. Few were really enormous, none was designed as a research centre, and occasional conflagrations do not explain the loss of most ancient texts. But the central place of libraries in Greco-Roman culture emerges more clearly than ever"--</subfield>
         <subfield code="c">Provided by publisher.</subfield>
      </datafield>
      <datafield tag="505" ind1="0" ind2="0">
         <subfield code="t">Introduction: Approaching the ancient library /</subfield>
         <subfield code="r">Greg Woolf --</subfield>
         <subfield code="g">part I. Contexts.</subfield>
         <subfield code="t">Libraries in ancient Egypt /</subfield>
         <subfield code="r">Kim Ryholt --</subfield>
         <subfield code="t">Reading the libraries of Assyria and Babylonia /</subfield>
         <subfield code="r">Eleanor Robson --</subfield>
         <subfield code="t">Fragments of a history of ancient libraries /</subfield>
         <subfield code="r">Christian Jacob --</subfield>
         <subfield code="g">part II. Hellenistic and Roman Republican libraries.</subfield>
         <subfield code="t">Men and books in fourth-century BC Athens /</subfield>
         <subfield code="r">Pasquale Massimo Pinto --</subfield>
         <subfield code="t">From text to text : the impact of the Alexandrian library on the work of Hellenistic poets /</subfield>
         <subfield code="r">Annette Harder --</subfield>
         <subfield code="t">Where was the Royal Library of Pergamon? : an institution found and lost again /</subfield>
         <subfield code="r">Gaëlle Coqueugniot --</subfield>
         <subfield code="t">Priests, patrons, and playwrights : libraries in Rome before 168 BC /</subfield>
         <subfield code="r">Michael Affleck --</subfield>
         <subfield code="t">Libraries in a Greek working life : Dionysius of Halicarnassus, a case study in Rome /</subfield>
         <subfield code="r">Daniel Hogg --</subfield>
         <subfield code="t">Libraries and intellectual debate in the late Republic : the case of the Aristotelian corpus /</subfield>
         <subfield code="r">Fabio Tutrone --</subfield>
         <subfield code="t">Ashes to ashes? : the Library of Alexandria after 48 BC /</subfield>
         <subfield code="r">Myrto Hatzimichali --</subfield>
         <subfield code="t">Non-Philodemus book collection in the Villa of the Papyri /</subfield>
         <subfield code="r">George W. Houston --</subfield>
         <subfield code="t">"Beware of promising your library to anyone" : assembling a private library at Rome /</subfield>
         <subfield code="r">Keith Dix --</subfield>
      </datafield>
      <datafield tag="505" ind1="0" ind2="0">
         <subfield code="g">part III. Libraries of the Roman Empire.</subfield>
         <subfield code="t">Libraries for the Caesars /</subfield>
         <subfield code="r">Ewen Bowie --</subfield>
         <subfield code="t">Roman libraries as public buildings in the cities of the Empire /</subfield>
         <subfield code="r">Matthew Nicholls --</subfield>
         <subfield code="t">Flavian libraries in the city of Rome /</subfield>
         <subfield code="r">Pier Luigi Tucci --</subfield>
         <subfield code="t">Archives, books, and sacred space in Rome /</subfield>
         <subfield code="r">Richard Neudecker --</subfield>
         <subfield code="t">Visual supplementation and metonymy in the Roman public library /</subfield>
         <subfield code="r">David Petrain --</subfield>
         <subfield code="t">Libraries and reading culture in the High Empire /</subfield>
         <subfield code="r">William A. Johnson --</subfield>
         <subfield code="t">Myth and history : Galen and the Alexandrian library /</subfield>
         <subfield code="r">Michael W. Handis --</subfield>
         <subfield code="t">Libraries and paideia in the Second Sophistic : Galen and Plutarch /</subfield>
         <subfield code="r">Alexei V. Zadorojnyi --</subfield>
         <subfield code="t">Professional and his books : special libraries in the ancient world /</subfield>
         <subfield code="r">Victor Martínez, Megan Finn Senseney.</subfield>
      </datafield>
      <datafield tag="650" ind1=" " ind2="0">
         <subfield code="a">Libraries</subfield>
         <subfield code="x">History</subfield>
         <subfield code="y">To 400.</subfield>
      </datafield>
      <datafield tag="650" ind1=" " ind2="7">
         <subfield code="a">Libraries.</subfield>
         <subfield code="2">fast</subfield>
         <subfield code="0">(OCoLC)fst00997341</subfield>
      </datafield>
      <datafield tag="648" ind1=" " ind2="7">
         <subfield code="a">To 400</subfield>
         <subfield code="2">fast</subfield>
      </datafield>
      <datafield tag="655" ind1=" " ind2="7">
         <subfield code="a">History.</subfield>
         <subfield code="2">fast</subfield>
         <subfield code="0">(OCoLC)fst01411628</subfield>
      </datafield>
      <datafield tag="700" ind1="1" ind2=" ">
         <subfield code="a">König, Jason</subfield>
         <subfield code="e">editor of compilation.</subfield>
      </datafield>
      <datafield tag="700" ind1="1" ind2=" ">
         <subfield code="a">Oikonomopoulou, Aikaterini,</subfield>
         <subfield code="d">1977-</subfield>
         <subfield code="e">editor of compilation.</subfield>
      </datafield>
      <datafield tag="700" ind1="1" ind2=" ">
         <subfield code="a">Woolf, Greg</subfield>
         <subfield code="e">editor of compilation.</subfield>
      </datafield>
      <datafield tag="856" ind1="4" ind2="2">
         <subfield code="3">Cover image</subfield>
         <subfield code="u">http://assets.cambridge.org/97811070/12561/cover/9781107012561.jpg</subfield>
      </datafield>
      <datafield tag="856" ind1="4" ind2="2">
         <subfield code="3">Contributor biographical information</subfield>
         <subfield code="u">http://catdir.loc.gov/catdir/enhancements/fy1215/2012032869-b.html</subfield>
      </datafield>
      <datafield tag="856" ind1="4" ind2="2">
         <subfield code="3">Publisher description</subfield>
         <subfield code="u">http://catdir.loc.gov/catdir/enhancements/fy1215/2012032869-d.html</subfield>
      </datafield>
      <datafield tag="856" ind1="4" ind2="1">
         <subfield code="3">Table of contents only</subfield>
         <subfield code="u">http://catdir.loc.gov/catdir/enhancements/fy1215/2012032869-t.html</subfield>
      </datafield>
      <datafield tag="856" ind1="4" ind2="1">
         <subfield code="z">Available to Stanford-affiliated users.</subfield>
         <subfield code="u">http://dx.doi.org/10.1017/CBO9780511998386</subfield>
         <subfield code="y">Cambridge Books Online</subfield>
         <subfield code="x">Provider: Cambridge University Press</subfield>
         <subfield code="x">purchased</subfield>
         <subfield code="x">eLoaderURL</subfield>
         <subfield code="x">cb4</subfield>
         <subfield code="x">cbCR9780511998386</subfield>
      </datafield>
      <datafield tag="856" ind1="4" ind2="2">
         <subfield code="3">Contributor biographical information</subfield>
         <subfield code="u">http://www.loc.gov/catdir/enhancements/fy1215/2012032869-b.html</subfield>
      </datafield>
      <datafield tag="856" ind1="4" ind2="2">
         <subfield code="3">Publisher description</subfield>
         <subfield code="u">http://www.loc.gov/catdir/enhancements/fy1215/2012032869-d.html</subfield>
      </datafield>
      <datafield tag="856" ind1="4" ind2="1">
         <subfield code="3">Table of contents only</subfield>
         <subfield code="u">http://www.loc.gov/catdir/enhancements/fy1215/2012032869-t.html</subfield>
      </datafield>
      <datafield tag="994" ind1=" " ind2=" ">
         <subfield code="a">Z0</subfield>
         <subfield code="b">ZYU</subfield>
      </datafield>
      <datafield tag="OWN" ind1=" " ind2=" ">
         <subfield code="a">GENERAL</subfield>
      </datafield>
      <datafield tag="936" ind1=" " ind2=" ">
         <subfield code="a">PR 864677958</subfield>
      </datafield>
      <datafield tag="AVA" ind1=" " ind2=" ">
         <subfield code="a">NYU50</subfield>
         <subfield code="b">NISAW</subfield>
         <subfield code="c">Small Collection</subfield>
         <subfield code="d">Z722 .A53 2013</subfield>
         <subfield code="e">available</subfield>
         <subfield code="t">Available</subfield>
         <subfield code="f">1</subfield>
         <subfield code="g">0</subfield>
         <subfield code="h">N</subfield>
         <subfield code="i">0</subfield>
         <subfield code="j">SMALL</subfield>
         <subfield code="k">0</subfield>
      </datafield>
      <marc:datafield tag="852" ind1=" " ind2=" ">
         <marc:subfield code="b">Institute for the Study of the Ancient World, </marc:subfield>
         <marc:subfield code="c">Small Collection</marc:subfield>
         <marc:subfield code="e">15 East 84th St., </marc:subfield>
         <marc:subfield code="e">New York, NY  10028</marc:subfield>
      </marc:datafield>
   </record>