
  
  
  
  
  
 
  
  <record xsi:schemaLocation="http://www.loc.gov/MARC21/slim http://www.loc.gov/standards/marcxml/schema/MARC21slim.xsd">
      <leader>00000cam a2200853 a 4500</leader>
      <controlfield tag="FMT">BK</controlfield>
      <controlfield tag="LDR">00000cam a2200853 a 4500</controlfield>
      <controlfield tag="001">003644217</controlfield>
      <controlfield tag="003">OCoLC</controlfield>
      <controlfield tag="005">20140822115903.0</controlfield>
      <controlfield tag="008">120726s2011    mau      b    001 1 eng c</controlfield>
      <datafield tag="020" ind1=" " ind2=" ">
         <subfield code="a">9780674996625 (v. 1)</subfield>
      </datafield>
      <datafield tag="020" ind1=" " ind2=" ">
         <subfield code="a">0674996623 (v. 1)</subfield>
      </datafield>
      <datafield tag="020" ind1=" " ind2=" ">
         <subfield code="a">9780674996632 (v. 2)</subfield>
      </datafield>
      <datafield tag="020" ind1=" " ind2=" ">
         <subfield code="a">0674996631 (v. 2)</subfield>
      </datafield>
      <datafield tag="020" ind1=" " ind2=" ">
         <subfield code="a">9780674996779 (v. 3)</subfield>
      </datafield>
      <datafield tag="020" ind1=" " ind2=" ">
         <subfield code="a">0674996771 (v. 3)</subfield>
      </datafield>
      <datafield tag="035" ind1=" " ind2=" ">
         <subfield code="a">(OCoLC)676725400</subfield>
         <subfield code="z">(OCoLC)694228262</subfield>
      </datafield>
      <datafield tag="040" ind1=" " ind2=" ">
         <subfield code="a">BTCTA</subfield>
         <subfield code="b">eng</subfield>
         <subfield code="c">BTCTA</subfield>
         <subfield code="d">YDXCP</subfield>
         <subfield code="d">IBV</subfield>
         <subfield code="d">UPP</subfield>
         <subfield code="d">UBY</subfield>
         <subfield code="d">BWX</subfield>
         <subfield code="d">MAC</subfield>
         <subfield code="d">COO</subfield>
         <subfield code="d">PUL</subfield>
         <subfield code="d">CDX</subfield>
         <subfield code="d">UXG</subfield>
         <subfield code="d">UKMGB</subfield>
         <subfield code="d">CWS</subfield>
         <subfield code="d">MIX</subfield>
         <subfield code="d">STF</subfield>
         <subfield code="d">MEUBL</subfield>
         <subfield code="d">OCLCQ</subfield>
         <subfield code="d">IAD</subfield>
         <subfield code="d">BDX</subfield>
         <subfield code="d">NNU</subfield>
      </datafield>
      <datafield tag="041" ind1="1" ind2=" ">
         <subfield code="a">eng</subfield>
         <subfield code="a">grc</subfield>
         <subfield code="h">grc</subfield>
      </datafield>
      <datafield tag="042" ind1=" " ind2=" ">
         <subfield code="a">pcc</subfield>
      </datafield>
      <datafield tag="043" ind1=" " ind2=" ">
         <subfield code="a">e-gr---</subfield>
      </datafield>
      <datafield tag="050" ind1=" " ind2="4">
         <subfield code="a">PA3465</subfield>
         <subfield code="b">.A2 2011</subfield>
      </datafield>
      <datafield tag="050" ind1=" " ind2="4">
         <subfield code="a">PA3612.A2</subfield>
         <subfield code="b">A245 2011</subfield>
      </datafield>
      <datafield tag="082" ind1="0" ind2="4">
         <subfield code="a">882.01</subfield>
         <subfield code="b">.F8423f</subfield>
      </datafield>
      <datafield tag="245" ind1="0" ind2="0">
         <subfield code="a">Fragments of old comedy /</subfield>
         <subfield code="c">edited and translated by Ian C. Storey.</subfield>
      </datafield>
      <datafield tag="260" ind1=" " ind2=" ">
         <subfield code="a">Cambridge, Mass. :</subfield>
         <subfield code="b">Harvard University Press,</subfield>
         <subfield code="c">2011.</subfield>
      </datafield>
      <datafield tag="300" ind1=" " ind2=" ">
         <subfield code="a">3 v. ;</subfield>
         <subfield code="c">17 cm.</subfield>
      </datafield>
      <datafield tag="490" ind1="1" ind2=" ">
         <subfield code="a">Loeb classical library ;</subfield>
         <subfield code="v">513-515</subfield>
      </datafield>
      <datafield tag="546" ind1=" " ind2=" ">
         <subfield code="a">English and Greek on opposite pages.</subfield>
      </datafield>
      <datafield tag="504" ind1=" " ind2=" ">
         <subfield code="a">Includes bibliographical references and indexes.</subfield>
      </datafield>
      <datafield tag="505" ind1="0" ind2=" ">
         <subfield code="a">v. 1. Alcaeus to Diocles: Alcaeus. Alcimenes. Ameipsias. Apollophanes. Arcesilaus. Archippus. Ariphrades. Aristagoras. Aristomenes. Aristonymus. Autocrates. Callias I. Callias II ("The Athenian"). Cantharus. Cephisodorus. Chionides. Crates I. Crates II. Cratinus. Demetrius. Diocles -- v. 2. Diopeithes to Pherecrates: Diopeithes. Ecphantides. Epilycus. Euetes. Eunicus. Euphronius. Eupolis. Euxenides. Hegemon. Hermippus. Ion of Chios. Leucon. Lycis. Lysippys. Magnes. Metagenes. Myllus. Myrtilus. Nicochares. Nicophon. Pherecrates -- v. 3. Philonicus to Xenophon. Adespota: Philonicus. Philonides. Philyllius. Phrynichus. Platon. Poliochus. Polyzelus. Sannyrion. Strattis. Susarion. Teleclides. Telestes. Theopompus. Thugenides. Xenophilus. Xenophon. Comic Adespota. Comic Papyri. Old comedy on vases.</subfield>
      </datafield>
      <datafield tag="650" ind1=" " ind2="0">
         <subfield code="a">Greek drama (Comedy)</subfield>
         <subfield code="x">History and criticism.</subfield>
      </datafield>
      <datafield tag="650" ind1=" " ind2="0">
         <subfield code="a">Lost literature</subfield>
         <subfield code="z">Greece.</subfield>
      </datafield>
      <datafield tag="655" ind1=" " ind2="0">
         <subfield code="a">Greek drama (Comedy)</subfield>
      </datafield>
      <datafield tag="655" ind1=" " ind2="0">
         <subfield code="a">Greek drama (Comedy)</subfield>
         <subfield code="v">Translations into English.</subfield>
      </datafield>
      <datafield tag="700" ind1="1" ind2=" ">
         <subfield code="a">Storey, Ian Christopher,</subfield>
         <subfield code="d">1946-</subfield>
      </datafield>
      <datafield tag="830" ind1=" " ind2="0">
         <subfield code="a">Loeb classical library ;</subfield>
         <subfield code="v">513-515.</subfield>
      </datafield>
      <datafield tag="OWN" ind1=" " ind2=" ">
         <subfield code="a">GENERAL</subfield>
      </datafield>
      <datafield tag="AVA" ind1=" " ind2=" ">
         <subfield code="a">NYU52</subfield>
         <subfield code="b">NSHNG</subfield>
         <subfield code="c">Main Collection</subfield>
         <subfield code="d">PA3465 .A2 2011</subfield>
         <subfield code="e">unavailable</subfield>
         <subfield code="t">Unavailable</subfield>
         <subfield code="f">3</subfield>
         <subfield code="g">3</subfield>
         <subfield code="h">Y</subfield>
         <subfield code="i">0</subfield>
         <subfield code="j">MAIN</subfield>
         <subfield code="k">0</subfield>
      </datafield>
      <datafield tag="AVA" ind1=" " ind2=" ">
         <subfield code="a">NYU50</subfield>
         <subfield code="b">BOBST</subfield>
         <subfield code="c">1st Floor Reference - Study</subfield>
         <subfield code="d">PA3611 .A1 v.117A-117C Non-circulating</subfield>
         <subfield code="e">available</subfield>
         <subfield code="t">Available</subfield>
         <subfield code="f">6</subfield>
         <subfield code="g">0</subfield>
         <subfield code="h">Y</subfield>
         <subfield code="i">10</subfield>
         <subfield code="j">REF1S</subfield>
         <subfield code="k">0</subfield>
      </datafield>
      <datafield tag="AVA" ind1=" " ind2=" ">
         <subfield code="a">NYU50</subfield>
         <subfield code="b">NISAW</subfield>
         <subfield code="c">Reference 3 Collection</subfield>
         <subfield code="d">PA3612.A2 A245 2011</subfield>
         <subfield code="e">available</subfield>
         <subfield code="t">Available</subfield>
         <subfield code="f">3</subfield>
         <subfield code="g">0</subfield>
         <subfield code="h">Y</subfield>
         <subfield code="i">0</subfield>
         <subfield code="j">REF3</subfield>
         <subfield code="k">0</subfield>
      </datafield>
      <marc:datafield tag="852" ind1=" " ind2=" ">
         <marc:subfield code="b">Institute for the Study of the Ancient World, </marc:subfield>
         <marc:subfield code="c">Reference 3 Collection</marc:subfield>
         <marc:subfield code="e">15 East 84th St., </marc:subfield>
         <marc:subfield code="e">New York, NY  10028</marc:subfield>
      </marc:datafield>
   </record>