
  
  
  
  
  
  
 
  
  <record xsi:schemaLocation="http://www.loc.gov/MARC21/slim http://www.loc.gov/standards/marcxml/schema/MARC21slim.xsd">
      <leader>00000cam a2200277 a 45M</leader>
      <controlfield tag="FMT">BK</controlfield>
      <controlfield tag="LDR">00000cam a2200277 a 45M</controlfield>
      <controlfield tag="001">001624563</controlfield>
      <controlfield tag="003">NNU</controlfield>
      <controlfield tag="005">20140825104703.0</controlfield>
      <controlfield tag="008">000225s1999    gw ab    b    101 0 ger c</controlfield>
      <datafield tag="020" ind1=" " ind2=" ">
         <subfield code="a">3486563858</subfield>
      </datafield>
      <datafield tag="035" ind1="9" ind2=" ">
         <subfield code="a">NYUb12149957</subfield>
      </datafield>
      <datafield tag="035" ind1=" " ind2=" ">
         <subfield code="a">(OCoLC)ocm43523364</subfield>
      </datafield>
      <datafield tag="040" ind1=" " ind2=" ">
         <subfield code="a">CGU</subfield>
         <subfield code="c">CGU</subfield>
         <subfield code="d">OHX</subfield>
         <subfield code="d">NNU</subfield>
      </datafield>
      <datafield tag="041" ind1="0" ind2=" ">
         <subfield code="a">ger</subfield>
         <subfield code="a">eng</subfield>
         <subfield code="a">fre</subfield>
         <subfield code="a">ita</subfield>
      </datafield>
      <datafield tag="042" ind1=" " ind2=" ">
         <subfield code="a">pcc</subfield>
      </datafield>
      <datafield tag="043" ind1=" " ind2=" ">
         <subfield code="a">aw-----</subfield>
         <subfield code="a">e------</subfield>
         <subfield code="a">ff-----</subfield>
      </datafield>
      <datafield tag="050" ind1=" " ind2="4">
         <subfield code="a">DG87</subfield>
         <subfield code="b">.L645 1999</subfield>
      </datafield>
      <datafield tag="050" ind1=" " ind2="4">
         <subfield code="a">DG276 DG87</subfield>
         <subfield code="b">.L653 1999</subfield>
      </datafield>
      <datafield tag="245" ind1="0" ind2="0">
         <subfield code="a">Lokale Autonomie und römische Ordnungsmacht in den kaiserzeitlichen Provinzen vom 1. bis 3. Jahrhundert /</subfield>
         <subfield code="c">herausgegeben von Werner Eck ; unter Mitarbeit von Elisabeth Müller-Luckner.</subfield>
      </datafield>
      <datafield tag="260" ind1=" " ind2=" ">
         <subfield code="a">München :</subfield>
         <subfield code="b">R. Oldenbourg,</subfield>
         <subfield code="c">1999.</subfield>
      </datafield>
      <datafield tag="300" ind1=" " ind2=" ">
         <subfield code="a">vi, 327 p. :</subfield>
         <subfield code="b">ill., 2 maps ;</subfield>
         <subfield code="c">24 cm.</subfield>
      </datafield>
      <datafield tag="490" ind1="1" ind2=" ">
         <subfield code="a">Schriften des Historischen Kollegs. Kolloquien ;</subfield>
         <subfield code="v">42</subfield>
      </datafield>
      <datafield tag="546" ind1=" " ind2=" ">
         <subfield code="a">Contributions in German, English, French, or Italian.</subfield>
      </datafield>
      <datafield tag="500" ind1=" " ind2=" ">
         <subfield code="a">Papers from a conference held May 5-7, 1996, Historischen Kolleg.</subfield>
      </datafield>
      <datafield tag="504" ind1=" " ind2=" ">
         <subfield code="a">Includes bibliographical references and index.</subfield>
      </datafield>
      <datafield tag="505" ind1="0" ind2="0">
         <subfield code="t">Zur Einleitung : Römische Provinzialadministration und die Erkenntnismöglichkeiten der epigraphischen Überlieferung /</subfield>
         <subfield code="r">Werner Eck --</subfield>
         <subfield code="t">Administration of Roman Asia from 133 BC to AD 250 /</subfield>
         <subfield code="r">Stephen Mitchell --</subfield>
         <subfield code="t">"Administrative Einheiten" in den Nordprovinzen und ihre Beziehungen zu römischen Funktionsträgern /</subfield>
         <subfield code="r">Hartmut Wolff --</subfield>
         <subfield code="t">Unités administratives locales et fonctionnaires romains : les données des nouveaux papyrus du Moyen Euphrates et d'Arabie /</subfield>
         <subfield code="r">Jean Gascou --</subfield>
         <subfield code="t">Some aspects of the Roman administration of Judaea/Syria-Palaestina /</subfield>
         <subfield code="r">Hannah M. Cotton --</subfield>
         <subfield code="t">Marktrechte ausserhalb der Stadt : lokale Autonomie zwischen Statthalter und Zentralort /</subfield>
         <subfield code="r">Johannes Nollé --</subfield>
         <subfield code="t">Heraclea ad Salbacum, die heiligen Dörfer der Artemis Sbryallis und der Kaiser /</subfield>
         <subfield code="r">Rudolf Haensch --</subfield>
         <subfield code="t">Verhältnis der römischen Amtsträger in Ägypten zu den "Städten" in der Provinz /</subfield>
         <subfield code="r">Andrea Jördens --</subfield>
         <subfield code="t">Communication between the prefect of Egypt, the procurators, and the nome Officials /</subfield>
         <subfield code="r">J. David Thomas --</subfield>
         <subfield code="t">Census provinciale, imposizione fiscale e amministrazioni cittadine nel Principato /</subfield>
         <subfield code="r">Elio Lo Cascio --</subfield>
         <subfield code="t">Shearing sheep : Rome and the collection of taxes in Egypt, 30 BC - AD 200 /</subfield>
         <subfield code="r">Michael Sharp --</subfield>
         <subfield code="t">Statthalter und Stadt im Gerichtswesen der westlichen Provinzen /</subfield>
         <subfield code="r">Harmut Galsterer --</subfield>
         <subfield code="t">Zu den Xenokriten (Rekuperatoren) in der römischen Provinzialgerichtsbarkeit /</subfield>
         <subfield code="r">Dieter Nörr --</subfield>
         <subfield code="t">Strafrechtspflege in den Provinzen der römischen Kaiserzeit zwischen hegemonialer Ordnungsmacht und lokaler Autonomie /</subfield>
         <subfield code="r">Hermann Horstkotte.</subfield>
      </datafield>
      <datafield tag="650" ind1=" " ind2="0">
         <subfield code="a">Local government</subfield>
         <subfield code="z">Rome</subfield>
         <subfield code="v">Congresses.</subfield>
      </datafield>
      <datafield tag="650" ind1=" " ind2="0">
         <subfield code="a">Roman provinces</subfield>
         <subfield code="x">Administration</subfield>
         <subfield code="v">Congresses.</subfield>
      </datafield>
      <datafield tag="651" ind1=" " ind2="0">
         <subfield code="a">Rome</subfield>
         <subfield code="x">Politics and government</subfield>
         <subfield code="y">30 B.C.-284 A.D.</subfield>
         <subfield code="v">Congresses.</subfield>
      </datafield>
      <datafield tag="651" ind1=" " ind2="0">
         <subfield code="a">Rome</subfield>
         <subfield code="x">Politics and government</subfield>
         <subfield code="y">265-30 B.C.</subfield>
         <subfield code="v">Congresses.</subfield>
      </datafield>
      <datafield tag="700" ind1="1" ind2=" ">
         <subfield code="a">Eck, Werner</subfield>
         <subfield code="e">ed.</subfield>
      </datafield>
      <datafield tag="700" ind1="1" ind2=" ">
         <subfield code="a">Müller-Luckner, Elisabeth</subfield>
         <subfield code="e">ed.</subfield>
      </datafield>
      <datafield tag="830" ind1=" " ind2="0">
         <subfield code="a">Schriften des Historischen Kollegs.</subfield>
         <subfield code="p">Kolloquien ;</subfield>
         <subfield code="v">42.</subfield>
      </datafield>
      <datafield tag="OWN" ind1=" " ind2=" ">
         <subfield code="a">GENERAL</subfield>
      </datafield>
      <datafield tag="AVA" ind1=" " ind2=" ">
         <subfield code="a">NYU50</subfield>
         <subfield code="b">BOBST</subfield>
         <subfield code="c">Main Collection</subfield>
         <subfield code="d">DG276 .L653 1999</subfield>
         <subfield code="e">unavailable</subfield>
         <subfield code="t">Unavailable</subfield>
         <subfield code="f">1</subfield>
         <subfield code="g">1</subfield>
         <subfield code="h">N</subfield>
         <subfield code="i">3</subfield>
         <subfield code="j">MAIN</subfield>
         <subfield code="k">0</subfield>
      </datafield>
      <datafield tag="AVA" ind1=" " ind2=" ">
         <subfield code="a">NYU50</subfield>
         <subfield code="b">NISAW</subfield>
         <subfield code="c">Small Collection</subfield>
         <subfield code="d">DG87 .L645 1999</subfield>
         <subfield code="e">available</subfield>
         <subfield code="t">Available</subfield>
         <subfield code="f">1</subfield>
         <subfield code="g">0</subfield>
         <subfield code="h">N</subfield>
         <subfield code="i">0</subfield>
         <subfield code="j">SMALL</subfield>
         <subfield code="k">0</subfield>
      </datafield>
      <marc:datafield tag="852" ind1=" " ind2=" ">
         <marc:subfield code="b">Institute for the Study of the Ancient World, </marc:subfield>
         <marc:subfield code="c">Small Collection</marc:subfield>
         <marc:subfield code="e">15 East 84th St., </marc:subfield>
         <marc:subfield code="e">New York, NY  10028</marc:subfield>
      </marc:datafield>
   </record>