
  
  
  
  
  
 
  
  <record xsi:schemaLocation="http://www.loc.gov/MARC21/slim http://www.loc.gov/standards/marcxml/schema/MARC21slim.xsd">
      <leader>00000cam a2200481 i 4500</leader>
      <controlfield tag="FMT">BK</controlfield>
      <controlfield tag="LDR">00000cam a2200481 i 4500</controlfield>
      <controlfield tag="001">004030905</controlfield>
      <controlfield tag="003">OCoLC</controlfield>
      <controlfield tag="005">20140825101214.0</controlfield>
      <controlfield tag="008">140825t20142014enkabe   b    100 0 eng d</controlfield>
      <datafield tag="020" ind1=" " ind2=" ">
         <subfield code="a">1905739672</subfield>
      </datafield>
      <datafield tag="020" ind1=" " ind2=" ">
         <subfield code="a">9781905739677</subfield>
      </datafield>
      <datafield tag="035" ind1=" " ind2=" ">
         <subfield code="a">(OCoLC)874718922</subfield>
      </datafield>
      <datafield tag="040" ind1=" " ind2=" ">
         <subfield code="a">YDXCP</subfield>
         <subfield code="c">YDXCP</subfield>
         <subfield code="e">rda</subfield>
         <subfield code="d">NRC</subfield>
         <subfield code="d">OCLCF</subfield>
         <subfield code="d">NNU</subfield>
      </datafield>
      <datafield tag="043" ind1=" " ind2=" ">
         <subfield code="a">aw-----</subfield>
      </datafield>
      <datafield tag="050" ind1=" " ind2="4">
         <subfield code="a">NK3850</subfield>
         <subfield code="b">.R655 2014</subfield>
      </datafield>
      <datafield tag="082" ind1="0" ind2="4">
         <subfield code="a">738.30934</subfield>
         <subfield code="2">23</subfield>
      </datafield>
      <datafield tag="245" ind1="0" ind2="0">
         <subfield code="a">Roman pottery in the Near East :</subfield>
         <subfield code="b">local production and regional trade : proceedings of the round table held in Berlin, 19-20 February 2010 /</subfield>
         <subfield code="c">edited by Bettina Fischer-Genz, Yvonne Gerber, and Hanna Hamel.</subfield>
      </datafield>
      <datafield tag="264" ind1=" " ind2="1">
         <subfield code="a">Oxford :</subfield>
         <subfield code="b">Archaeopress,</subfield>
         <subfield code="c">2014</subfield>
      </datafield>
      <datafield tag="264" ind1=" " ind2="4">
         <subfield code="a">©2014</subfield>
      </datafield>
      <datafield tag="300" ind1=" " ind2=" ">
         <subfield code="a">i, 215 pages :</subfield>
         <subfield code="b">illustrations, maps, plans ;</subfield>
         <subfield code="c">30 cm.</subfield>
      </datafield>
      <datafield tag="336" ind1=" " ind2=" ">
         <subfield code="a">text</subfield>
         <subfield code="b">txt</subfield>
         <subfield code="2">rdacontent</subfield>
      </datafield>
      <datafield tag="337" ind1=" " ind2=" ">
         <subfield code="a">unmediated</subfield>
         <subfield code="b">n</subfield>
         <subfield code="2">rdamedia</subfield>
      </datafield>
      <datafield tag="338" ind1=" " ind2=" ">
         <subfield code="a">volume</subfield>
         <subfield code="b">nc</subfield>
         <subfield code="2">rdacarrier</subfield>
      </datafield>
      <datafield tag="490" ind1="1" ind2=" ">
         <subfield code="a">Roman and late antique Mediterranean pottery ;</subfield>
         <subfield code="v">3</subfield>
      </datafield>
      <datafield tag="504" ind1=" " ind2=" ">
         <subfield code="a">Includes bibliographical references.</subfield>
      </datafield>
      <datafield tag="505" ind1="0" ind2="0">
         <subfield code="t">Roman pottery in the Near East : local production and regional trade --</subfield>
         <subfield code="t">Pottery of the "Land of Carchemish" project and the northern Euphrates /</subfield>
         <subfield code="r">Paul Newson --</subfield>
         <subfield code="t">Local pottery from Ras el Bassit /</subfield>
         <subfield code="r">Phil Mills --</subfield>
         <subfield code="t">3rd to 4th century AD pottery assemblage from Apamea and some further considerations on pottery production and distribution in Roman Syria /</subfield>
         <subfield code="r">Agnès Vokaer --</subfield>
         <subfield code="t">Homs survey (Syria) : contrasting Levantine trends in the regional supply of fine wares, amphorae, and kitchen wares (Hellenistic to early Arab periods) /</subfield>
         <subfield code="r">Paul Reynolds --</subfield>
         <subfield code="t">Roman pottery in Baalbek/Heliopolis /</subfield>
         <subfield code="r">Hanna Hamel --</subfield>
         <subfield code="t">Local pottery traditions in the rural settlements around Baalbek/Heliopolis, Lebanon /</subfield>
         <subfield code="r">Bettina Fischer-Genz --</subfield>
         <subfield code="t">Economy and cultural transfers : evidence of Hellenization and early Romanization in Beirut /</subfield>
         <subfield code="r">Dina Frangié-Joly --</subfield>
         <subfield code="t">Pottery production in the late Hellenistic and early Roman periods in Jiyeh, ancient Porphyreon (Lebanon) /</subfield>
         <subfield code="r">Urszula Wicenciak --</subfield>
         <subfield code="t">Pithos-type vessels from the excavations in Chhîm, Lebanon /</subfield>
         <subfield code="r">Zofia Kowarska, Szymon Lenarczyk --</subfield>
         <subfield code="t">Current state of the WD-XRF database of Hellenistic and Roman fine wares in the Levant /</subfield>
         <subfield code="r">Gerwulf Schneider, Malgorzata Daszkiewicz --</subfield>
         <subfield code="t">"Kefar Hananya ware" made in Yodefat : pottery production at Yodefat in the first century AD /</subfield>
         <subfield code="r">Mordechai Aviam --</subfield>
         <subfield code="t">Provenance study of Hellenistic, Roman, and Byzantine kitchen wares from the theatre-temple area of Umm Qais/Gadara, Jordan /</subfield>
         <subfield code="r">Malgorzata Daszkiewicz, Bernd Liesen, Gerwulf Schneider --</subfield>
         <subfield code="t">Two-part ceramic incense burners in late Roman and Byzantine Palestine : technological, regional, and ethno-religious aspects /</subfield>
         <subfield code="r">Itamar Taxel, Mark Iserlis --</subfield>
         <subfield code="t">Late Hellenistic and early Roman ceramic trends at Tall Mādabā, Jordan /</subfield>
         <subfield code="r">Jonathan Ferguson --</subfield>
      </datafield>
      <datafield tag="505" ind1="0" ind2="0">
         <subfield code="t">Comparing pottery traditions from South Transjordan and from Middle and North Transjordan during the Nabataean/Roman periods (1st to 5th centuries AD) /</subfield>
         <subfield code="r">Yvonne Gerber --</subfield>
         <subfield code="t">Coarse ware pottery from Roman Aila (Aqaba, Jordan) /</subfield>
         <subfield code="r">S. Thomas Parker.</subfield>
      </datafield>
      <datafield tag="650" ind1=" " ind2="0">
         <subfield code="a">Pottery, Roman</subfield>
         <subfield code="z">Middle East</subfield>
         <subfield code="v">Congresses.</subfield>
      </datafield>
      <datafield tag="650" ind1=" " ind2="0">
         <subfield code="a">Pottery, Hellenistic</subfield>
         <subfield code="z">Middle East</subfield>
         <subfield code="v">Congresses.</subfield>
      </datafield>
      <datafield tag="650" ind1=" " ind2="0">
         <subfield code="a">Pottery, Byzantine</subfield>
         <subfield code="z">Middle East</subfield>
         <subfield code="v">Congresses.</subfield>
      </datafield>
      <datafield tag="651" ind1=" " ind2="0">
         <subfield code="a">Middle East</subfield>
         <subfield code="x">Antiquities, Roman</subfield>
         <subfield code="v">Congresses.</subfield>
      </datafield>
      <datafield tag="651" ind1=" " ind2="0">
         <subfield code="a">Middle East</subfield>
         <subfield code="x">Antiquities</subfield>
         <subfield code="v">Congresses.</subfield>
      </datafield>
      <datafield tag="650" ind1=" " ind2="7">
         <subfield code="a">Antiquities.</subfield>
         <subfield code="2">fast</subfield>
         <subfield code="0">(OCoLC)fst00810745</subfield>
      </datafield>
      <datafield tag="650" ind1=" " ind2="7">
         <subfield code="a">Pottery, Byzantine.</subfield>
         <subfield code="2">fast</subfield>
         <subfield code="0">(OCoLC)fst01073690</subfield>
      </datafield>
      <datafield tag="650" ind1=" " ind2="7">
         <subfield code="a">Pottery, Hellenistic.</subfield>
         <subfield code="2">fast</subfield>
         <subfield code="0">(OCoLC)fst01073757</subfield>
      </datafield>
      <datafield tag="650" ind1=" " ind2="7">
         <subfield code="a">Pottery, Roman.</subfield>
         <subfield code="2">fast</subfield>
         <subfield code="0">(OCoLC)fst01073863</subfield>
      </datafield>
      <datafield tag="651" ind1=" " ind2="7">
         <subfield code="a">Middle East.</subfield>
         <subfield code="2">fast</subfield>
         <subfield code="0">(OCoLC)fst01241586</subfield>
      </datafield>
      <datafield tag="700" ind1="1" ind2=" ">
         <subfield code="a">Fischer, Bettina</subfield>
         <subfield code="e">editor of compilation.</subfield>
      </datafield>
      <datafield tag="700" ind1="1" ind2=" ">
         <subfield code="a">Gerber, Yvonne</subfield>
         <subfield code="e">editor of compilation.</subfield>
      </datafield>
      <datafield tag="700" ind1="1" ind2=" ">
         <subfield code="a">Hamel, Hanna,</subfield>
         <subfield code="e">editor of compilation.</subfield>
      </datafield>
      <datafield tag="830" ind1=" " ind2="0">
         <subfield code="a">Roman and late antique Mediterranean pottery ;</subfield>
         <subfield code="v">3.</subfield>
      </datafield>
      <datafield tag="994" ind1=" " ind2=" ">
         <subfield code="a">Z0</subfield>
         <subfield code="b">ZYU</subfield>
      </datafield>
      <datafield tag="OWN" ind1=" " ind2=" ">
         <subfield code="a">GENERAL</subfield>
      </datafield>
      <datafield tag="936" ind1=" " ind2=" ">
         <subfield code="a">PR 881800941</subfield>
      </datafield>
      <datafield tag="AVA" ind1=" " ind2=" ">
         <subfield code="a">NYU50</subfield>
         <subfield code="b">NISAW</subfield>
         <subfield code="c">Oversize Collection</subfield>
         <subfield code="d">NK3850 .R655 2014</subfield>
         <subfield code="e">available</subfield>
         <subfield code="t">Available</subfield>
         <subfield code="f">1</subfield>
         <subfield code="g">0</subfield>
         <subfield code="h">N</subfield>
         <subfield code="i">0</subfield>
         <subfield code="j">OVERZ</subfield>
         <subfield code="k">0</subfield>
      </datafield>
      <marc:datafield tag="852" ind1=" " ind2=" ">
         <marc:subfield code="b">Institute for the Study of the Ancient World, </marc:subfield>
         <marc:subfield code="c">Oversize Collection</marc:subfield>
         <marc:subfield code="e">15 East 84th St., </marc:subfield>
         <marc:subfield code="e">New York, NY  10028</marc:subfield>
      </marc:datafield>
   </record>