
  
  
  
  
  
 
  
  <record xsi:schemaLocation="http://www.loc.gov/MARC21/slim http://www.loc.gov/standards/marcxml/schema/MARC21slim.xsd">
      <leader>00000cam a2200697 a 4500</leader>
      <controlfield tag="FMT">BK</controlfield>
      <controlfield tag="LDR">00000cam a2200697 a 4500</controlfield>
      <controlfield tag="001">004030962</controlfield>
      <controlfield tag="003">OCoLC</controlfield>
      <controlfield tag="005">20140825124119.0</controlfield>
      <controlfield tag="008">140825s2009    au a     b    000 0 ger d</controlfield>
      <datafield tag="020" ind1=" " ind2=" ">
         <subfield code="a">9783700161035</subfield>
      </datafield>
      <datafield tag="020" ind1=" " ind2=" ">
         <subfield code="a">3700161034</subfield>
      </datafield>
      <datafield tag="035" ind1=" " ind2=" ">
         <subfield code="a">(OCoLC)369143227</subfield>
         <subfield code="z">(OCoLC)320802604</subfield>
         <subfield code="z">(OCoLC)652682499</subfield>
      </datafield>
      <datafield tag="040" ind1=" " ind2=" ">
         <subfield code="a">CGU</subfield>
         <subfield code="b">eng</subfield>
         <subfield code="c">CGU</subfield>
         <subfield code="d">BTCTA</subfield>
         <subfield code="d">OHX</subfield>
         <subfield code="d">EMU</subfield>
         <subfield code="d">GZM</subfield>
         <subfield code="d">IUL</subfield>
         <subfield code="d">AGL</subfield>
         <subfield code="d">UTO</subfield>
         <subfield code="d">OCLCA</subfield>
         <subfield code="d">OCLCQ</subfield>
         <subfield code="d">YDXCP</subfield>
         <subfield code="d">UKMGB</subfield>
         <subfield code="d">CUV</subfield>
         <subfield code="d">OCLCQ</subfield>
         <subfield code="d">OCLCF</subfield>
         <subfield code="d">NNU</subfield>
      </datafield>
      <datafield tag="041" ind1="0" ind2=" ">
         <subfield code="a">ger</subfield>
         <subfield code="a">eng</subfield>
      </datafield>
      <datafield tag="043" ind1=" " ind2=" ">
         <subfield code="a">a------</subfield>
      </datafield>
      <datafield tag="050" ind1=" " ind2="4">
         <subfield code="a">AS142</subfield>
         <subfield code="b">.V32 Bd.378</subfield>
      </datafield>
      <datafield tag="070" ind1="0" ind2=" ">
         <subfield code="a">SF284.A78</subfield>
         <subfield code="b">P38 2009</subfield>
      </datafield>
      <datafield tag="245" ind1="0" ind2="0">
         <subfield code="a">Pferde in Asien :</subfield>
         <subfield code="b">Geschichte, Handel und Kultur = Horses in Asia : history, trade and culture /</subfield>
         <subfield code="c">herausgegeben von Bert G. Fragner, Ralph Kauz, Roderich Ptak, Angela Schottenhammer.</subfield>
      </datafield>
      <datafield tag="246" ind1="3" ind2="1">
         <subfield code="a">Horses in Asia :</subfield>
         <subfield code="b">history, trade and culture</subfield>
      </datafield>
      <datafield tag="260" ind1=" " ind2=" ">
         <subfield code="a">Wien :</subfield>
         <subfield code="b">Verlag der Österreichischen Akademie der Wissenschaften,</subfield>
         <subfield code="c">2009.</subfield>
      </datafield>
      <datafield tag="300" ind1=" " ind2=" ">
         <subfield code="a">x, 301 pages :</subfield>
         <subfield code="b">illustrations ;</subfield>
         <subfield code="c">30 cm.</subfield>
      </datafield>
      <datafield tag="336" ind1=" " ind2=" ">
         <subfield code="a">text</subfield>
         <subfield code="b">txt</subfield>
         <subfield code="2">rdacontent</subfield>
      </datafield>
      <datafield tag="337" ind1=" " ind2=" ">
         <subfield code="a">unmediated</subfield>
         <subfield code="b">n</subfield>
         <subfield code="2">rdamedia</subfield>
      </datafield>
      <datafield tag="338" ind1=" " ind2=" ">
         <subfield code="a">volume</subfield>
         <subfield code="b">nc</subfield>
         <subfield code="2">rdacarrier</subfield>
      </datafield>
      <datafield tag="490" ind1="1" ind2=" ">
         <subfield code="a">Denkschriften / Österreichische Akademie der Wissenschaften. Philosophisch-Historische Klasse ;</subfield>
         <subfield code="v">378. Bd.</subfield>
      </datafield>
      <datafield tag="490" ind1="1" ind2=" ">
         <subfield code="a">Veröffentlichungen zur Iranistik ;</subfield>
         <subfield code="v">Nr. 46</subfield>
      </datafield>
      <datafield tag="504" ind1=" " ind2=" ">
         <subfield code="a">Includes bibliographical references.</subfield>
      </datafield>
      <datafield tag="546" ind1=" " ind2=" ">
         <subfield code="a">Contributions in German or English.</subfield>
      </datafield>
      <datafield tag="505" ind1="0" ind2="0">
         <subfield code="t">Asiens Pferdeökonomie aus der Sicht der historischen Forschung über den Vorderen Orient /</subfield>
         <subfield code="r">Bert G. Fragner --</subfield>
         <subfield code="t">Functional traits in early horse breeds of Mongolia, India and China from the perspective of animal breeding /</subfield>
         <subfield code="r">Thomas Druml --</subfield>
         <subfield code="t">Mythos und Reittier : Pferd und Pferdewirtschaft in der Überlieferung des Schahname /</subfield>
         <subfield code="r">Nosratollah Rastegar --</subfield>
         <subfield code="t">Some considerations apropos of a proto-Iranian myth about horses and its significance for ancient Iranian socio-cultural history /</subfield>
         <subfield code="r">Antonio Panaino --</subfield>
         <subfield code="t">Horses of the Shah : some remarks on the organization of the Safavid royal stables, mainly based on three Persian handbooks of administrative practice /</subfield>
         <subfield code="r">Giorgio Rota --</subfield>
         <subfield code="t">No horses for the enemy : Ottoman trade regulations and horse gifting /</subfield>
         <subfield code="r">Hedda Reindl-Kiel --</subfield>
         <subfield code="t">Muḥammad zu Pferde im Kampf : ein Beispiel für das Genre der Furūsiyya an-nabawiyya während der Mamlukenzeit (1250-1517) /</subfield>
         <subfield code="r">Stephan Conermann --</subfield>
         <subfield code="t">From pasture to manger : the evolution of Mongol cavalry logistics in Yuan China and its consequences /</subfield>
         <subfield code="r">John Masson Smith, Jr. --</subfield>
         <subfield code="t">Some remarks on horses on the ancient silk roads depicted on monuments of art between Gandhara and the Tarim Basin (3rd-8th century) /</subfield>
         <subfield code="r">Ulf Jäger --</subfield>
         <subfield code="t">Policies of acquiring horses in early Yuan China : a short note on the case of Dongping (1238) /</subfield>
         <subfield code="r">Liu Yingsheng, Gong Haifeng --</subfield>
         <subfield code="t">Horses in the East-West trade between China and Iran under Mongol rule /</subfield>
         <subfield code="r">Yokkaichi Yasuhiro --</subfield>
         <subfield code="t">Mongols and their magic horses : some remarks on the role of the horse in Mongol epic tales /</subfield>
         <subfield code="r">Veronika Veit --</subfield>
         <subfield code="t">On horses and chariots in ancient Indian and Iranian personal names /</subfield>
         <subfield code="r">Velizar Sadovski --</subfield>
         <subfield code="t">Horse exports from the Persian Gulf until the arrival of the Portuguese /</subfield>
         <subfield code="r">Ralph Kauz --</subfield>
         <subfield code="t">Portuguese involvement in sixteenth-century horse trade through the Arabian Sea /</subfield>
         <subfield code="r">Rui Manuel Loureiro --</subfield>
         <subfield code="t">Equestrian demand and dealers : the early Indian scenario (up to c. 1300) /</subfield>
         <subfield code="r">Ranabir Chakravarti --</subfield>
      </datafield>
      <datafield tag="505" ind1="0" ind2="0">
         <subfield code="t">Horse in Southeast Asia prior to 1500 CE : some vignettes /</subfield>
         <subfield code="r">Geoff Wade --</subfield>
         <subfield code="t">Horses of the Xianbei, 300-600 AD : a brief survey /</subfield>
         <subfield code="r">Shing Müller --</subfield>
         <subfield code="t">Vom Ross zur Schindmähre : Bilder des Pferdes in den Künsten der Tang-Zeit (618-907) /</subfield>
         <subfield code="r">Wolfgang Kubin --</subfield>
         <subfield code="t">Negotiation and bartering on the frontier : horse trade in Song China /</subfield>
         <subfield code="r">James Chin --</subfield>
         <subfield code="t">Hainan and the trade in horses (Song to Early Ming) /</subfield>
         <subfield code="r">Roderich Ptak --</subfield>
         <subfield code="t">Horses in Late Imperial China and maritime East Asia : an introduction into trade, distribution, and other aspects (sixteenth to eighteenth centuries) /</subfield>
         <subfield code="r">Angela Schottenhammer.</subfield>
      </datafield>
      <datafield tag="650" ind1=" " ind2="0">
         <subfield code="a">Horses</subfield>
         <subfield code="z">Asia</subfield>
         <subfield code="x">History.</subfield>
      </datafield>
      <datafield tag="650" ind1=" " ind2="0">
         <subfield code="a">Horses</subfield>
         <subfield code="x">Social aspects</subfield>
         <subfield code="z">Asia.</subfield>
      </datafield>
      <datafield tag="650" ind1=" " ind2="0">
         <subfield code="a">Horse trading</subfield>
         <subfield code="z">Asia</subfield>
         <subfield code="x">History.</subfield>
      </datafield>
      <datafield tag="650" ind1=" " ind2="7">
         <subfield code="a">Horse trading.</subfield>
         <subfield code="2">fast</subfield>
         <subfield code="0">(OCoLC)fst00960542</subfield>
      </datafield>
      <datafield tag="650" ind1=" " ind2="7">
         <subfield code="a">Horses.</subfield>
         <subfield code="2">fast</subfield>
         <subfield code="0">(OCoLC)fst00960603</subfield>
      </datafield>
      <datafield tag="650" ind1=" " ind2="7">
         <subfield code="a">Horses</subfield>
         <subfield code="x">Social aspects.</subfield>
         <subfield code="2">fast</subfield>
         <subfield code="0">(OCoLC)fst00960698</subfield>
      </datafield>
      <datafield tag="651" ind1=" " ind2="7">
         <subfield code="a">Asia.</subfield>
         <subfield code="2">fast</subfield>
         <subfield code="0">(OCoLC)fst01240495</subfield>
      </datafield>
      <datafield tag="655" ind1=" " ind2="7">
         <subfield code="a">History.</subfield>
         <subfield code="2">fast</subfield>
         <subfield code="0">(OCoLC)fst01411628</subfield>
      </datafield>
      <datafield tag="700" ind1="1" ind2=" ">
         <subfield code="a">Fragner, Bert G.</subfield>
         <subfield code="e">contributor,</subfield>
         <subfield code="e">editor of compilation.</subfield>
      </datafield>
      <datafield tag="700" ind1="1" ind2=" ">
         <subfield code="a">Kauz, Ralph</subfield>
         <subfield code="e">contributor,</subfield>
         <subfield code="e">editor of compilation.</subfield>
      </datafield>
      <datafield tag="700" ind1="1" ind2=" ">
         <subfield code="a">Ptak, Roderich</subfield>
         <subfield code="e">contributor,</subfield>
         <subfield code="e">editor of compilation.</subfield>
      </datafield>
      <datafield tag="700" ind1="1" ind2=" ">
         <subfield code="a">Schottenhammer, Angela</subfield>
         <subfield code="e">contributor,</subfield>
         <subfield code="e">editor of compilation.</subfield>
      </datafield>
      <datafield tag="830" ind1=" " ind2="0">
         <subfield code="a">Denkschriften (Österreichische Akademie der Wissenschaften. Philosophisch-Historische Klasse) ;</subfield>
         <subfield code="v">378. Bd.</subfield>
      </datafield>
      <datafield tag="830" ind1=" " ind2="0">
         <subfield code="a">Veröffentlichungen zur Iranistik ;</subfield>
         <subfield code="v">Nr. 46.</subfield>
      </datafield>
      <datafield tag="994" ind1=" " ind2=" ">
         <subfield code="a">Z0</subfield>
         <subfield code="b">ZYU</subfield>
      </datafield>
      <datafield tag="OWN" ind1=" " ind2=" ">
         <subfield code="a">GENERAL</subfield>
      </datafield>
      <datafield tag="936" ind1=" " ind2=" ">
         <subfield code="a">PR 723919385</subfield>
      </datafield>
      <datafield tag="AVA" ind1=" " ind2=" ">
         <subfield code="a">NYU50</subfield>
         <subfield code="b">NISAW</subfield>
         <subfield code="c">Large Collection</subfield>
         <subfield code="d">AS142 .V32 Bd.378</subfield>
         <subfield code="e">available</subfield>
         <subfield code="t">Available</subfield>
         <subfield code="f">1</subfield>
         <subfield code="g">0</subfield>
         <subfield code="h">N</subfield>
         <subfield code="i">0</subfield>
         <subfield code="j">LARGE</subfield>
         <subfield code="k">0</subfield>
      </datafield>
      <marc:datafield tag="852" ind1=" " ind2=" ">
         <marc:subfield code="b">Institute for the Study of the Ancient World, </marc:subfield>
         <marc:subfield code="c">Large Collection</marc:subfield>
         <marc:subfield code="e">15 East 84th St., </marc:subfield>
         <marc:subfield code="e">New York, NY  10028</marc:subfield>
      </marc:datafield>
   </record>