
  
  
  
  
  
 
  
  <record xsi:schemaLocation="http://www.loc.gov/MARC21/slim http://www.loc.gov/standards/marcxml/schema/MARC21slim.xsd">
      <leader>00000cam a2200385 a 45M</leader>
      <controlfield tag="FMT">BK</controlfield>
      <controlfield tag="LDR">00000cam a2200385 a 45M</controlfield>
      <controlfield tag="001">002858977</controlfield>
      <controlfield tag="003">NNU</controlfield>
      <controlfield tag="005">20140827124050.0</controlfield>
      <controlfield tag="008">870929s1987    pauae    b    011 0 eng</controlfield>
      <datafield tag="010" ind1=" " ind2=" ">
         <subfield code="a">86045919</subfield>
      </datafield>
      <datafield tag="020" ind1=" " ind2=" ">
         <subfield code="a">0800608313</subfield>
      </datafield>
      <datafield tag="035" ind1="9" ind2=" ">
         <subfield code="a">NYUb10573428</subfield>
      </datafield>
      <datafield tag="035" ind1=" " ind2=" ">
         <subfield code="a">(CStRLIN)NYUG87-B30731</subfield>
      </datafield>
      <datafield tag="035" ind1=" " ind2=" ">
         <subfield code="a">GLIS005734286</subfield>
      </datafield>
      <datafield tag="040" ind1=" " ind2=" ">
         <subfield code="a">DLC</subfield>
         <subfield code="c">DLC</subfield>
         <subfield code="d">NNU</subfield>
      </datafield>
      <datafield tag="043" ind1=" " ind2=" ">
         <subfield code="a">a-is---</subfield>
         <subfield code="a">aw-----</subfield>
      </datafield>
      <datafield tag="050" ind1="0" ind2="0">
         <subfield code="a">BS1171.2</subfield>
         <subfield code="b">.A53 1987</subfield>
      </datafield>
      <datafield tag="082" ind1="0" ind2=" ">
         <subfield code="a">269/.0933</subfield>
         <subfield code="2">19</subfield>
      </datafield>
      <datafield tag="245" ind1="0" ind2="0">
         <subfield code="a">Ancient Israelite religion :</subfield>
         <subfield code="b">essays in honor of Frank Moore Cross /</subfield>
         <subfield code="c">edited by Patrick D. Miller, Jr., Paul D. Hanson, S. Dean McBride.</subfield>
      </datafield>
      <datafield tag="260" ind1=" " ind2=" ">
         <subfield code="a">Philadelphia :</subfield>
         <subfield code="b">Fortress Press,</subfield>
         <subfield code="c">c1987.</subfield>
      </datafield>
      <datafield tag="300" ind1=" " ind2=" ">
         <subfield code="a">xxv, 672 p. :</subfield>
         <subfield code="b">ill., plans ;</subfield>
         <subfield code="c">24 cm.</subfield>
      </datafield>
      <datafield tag="500" ind1=" " ind2=" ">
         <subfield code="a">ISAW copy is from the Library of Hayim and Miriam Tadmor.</subfield>
         <subfield code="5">NNU</subfield>
      </datafield>
      <datafield tag="504" ind1=" " ind2=" ">
         <subfield code="a">Includes bibliographical references and index.</subfield>
      </datafield>
      <datafield tag="504" ind1=" " ind2=" ">
         <subfield code="a">"Bibliography of the works of Frank Moore Cross": p. 645-656.</subfield>
      </datafield>
      <datafield tag="505" ind1="0" ind2="0">
         <subfield code="g">pt. 1. Sources and contexts.</subfield>
         <subfield code="t">Origins of the sacrificial cult : new evidence from Mesopotamia and Isral /</subfield>
         <subfield code="r">William W. Hallo --</subfield>
         <subfield code="t">Graven image /</subfield>
         <subfield code="r">Thorkild Jacobsen --</subfield>
         <subfield code="t">Forerunner of biblical prophecy : the Mari documents /</subfield>
         <subfield code="r">Abraham Malamat --</subfield>
         <subfield code="t">Aspects of the religion of Ugarit /</subfield>
         <subfield code="r">Patrick D. Miller, Jr. --</subfield>
         <subfield code="t">Aspects of Aramean religion /</subfield>
         <subfield code="r">Jonas C. Greenfield --</subfield>
         <subfield code="t">Phoenicia and the religion of Israel : the epigraphic evidence /</subfield>
         <subfield code="r">Brian Peckham --</subfield>
         <subfield code="t">Proto-Canaanite, archaic Greek, and the script of the Aramaic text on the Tell Fakhariyah statue /</subfield>
         <subfield code="r">Joseph Naveh --</subfield>
         <subfield code="t">Canaanite origins and lineage : reflections on the religion of ancient Israel /</subfield>
         <subfield code="r">Michael David Coogan --</subfield>
         <subfield code="t">Religious traditions in Israelite Transjordan /</subfield>
         <subfield code="r">Jo Ann Hackett --</subfield>
         <subfield code="t">Aspects of the religion of the Israelite monarchy : biblical and epigraphic data /</subfield>
         <subfield code="r">P. Kyle McCarter, Jr. --</subfield>
         <subfield code="t">Israelite religion : the onomastic and epigraphic evidence /</subfield>
         <subfield code="r">Jeffrey H. Tigay --</subfield>
         <subfield code="t">Contribution of Hebrew seals to an understanding of Israelite religion and society /</subfield>
         <subfield code="r">N. Avigad --</subfield>
         <subfield code="t">Contribution of archaeology to the study of Canaanite and early Israelite relgion /</subfield>
         <subfield code="r">William G. Dever --</subfield>
         <subfield code="t">Religion in Israel and Judah under the monarchy : an explicitly archaeological approach /</subfield>
         <subfield code="r">John S. Holladay, Jr. --</subfield>
         <subfield code="g">pt. 2. History and character.</subfield>
         <subfield code="t">Tribal league at Sinai /</subfield>
         <subfield code="r">Moshe Weinfeld --</subfield>
         <subfield code="t">"Who is like thee among the gods?" : the religion of early Israel /</subfield>
         <subfield code="r">David Noel Freedman --</subfield>
         <subfield code="t">Nature and purpose of the Abraham narratives /</subfield>
         <subfield code="r">George E. Mendenhall --</subfield>
         <subfield code="t">David as temple builder /</subfield>
         <subfield code="r">Carol Meyers --</subfield>
         <subfield code="t">In defense of the monarchy : the contribution of Israelite kingship to biblical theology /</subfield>
         <subfield code="r">J.J.M. Roberts --</subfield>
         <subfield code="t">Place of women in the Israelite cultus /</subfield>
         <subfield code="r">Phyllis Bird --</subfield>
         <subfield code="t">Marriage motif in Israelite religion /</subfield>
         <subfield code="r">Helmer Ringgren --</subfield>
         <subfield code="t">Place of covenant in the religion of Israel /</subfield>
         <subfield code="r">Robert A. Oden, Jr. --</subfield>
         <subfield code="t">Religious dimensions of Israelite wisdom /</subfield>
         <subfield code="r">Roland E. Murphy --</subfield>
      </datafield>
      <datafield tag="505" ind1="0" ind2="0">
         <subfield code="t">Cult reform of Josiah of Judah : 2 Kings 22-23 as a source for the history of Israelite religion /</subfield>
         <subfield code="r">Norbert Lohfink --</subfield>
         <subfield code="t">Liberation from debt slavery after the exile in Second Isiah and Nehemiah /</subfield>
         <subfield code="r">Klaus Baltzer --</subfield>
         <subfield code="t">Israelite religion in the early postexilic period /</subfield>
         <subfield code="r">Paul D. Hanson --</subfield>
         <subfield code="t">Persian period and the Judean restoration : from Zerubbabel to Nehemiah /</subfield>
         <subfield code="r">Eric M. Meyers --</subfield>
         <subfield code="t">Place of the Book of Job in the history of Israel's religion /</subfield>
         <subfield code="r">J. Gerald Janzen --</subfield>
         <subfield code="t">Place of apocalypticism in the religion of Israel /</subfield>
         <subfield code="r">John J. Collins --</subfield>
         <subfield code="t">Sources of Torah : Psalm 119 and the modes of revelation in Second Temple Judaism /</subfield>
         <subfield code="r">Jon D. Levenson --</subfield>
         <subfield code="t">Ideal figures and social context : priest and sage in the early Second Temple age /</subfield>
         <subfield code="r">Michael E. Stone --</subfield>
         <subfield code="t">Emergence of Jewish sectarianism in the early Second Temple period /</subfield>
         <subfield code="r">Shemaryahu Talmon --</subfield>
         <subfield code="t">Tanakh theology : the religion of the Old Testament and the place of Jewish biblical theology /</subfield>
         <subfield code="r">M.H. Goshen-Gottstein.</subfield>
      </datafield>
      <datafield tag="630" ind1="0" ind2="0">
         <subfield code="a">Bible.</subfield>
         <subfield code="p">Old Testament</subfield>
         <subfield code="x">Criticism, interpretation, etc., Jewish.</subfield>
      </datafield>
      <datafield tag="630" ind1="0" ind2="0">
         <subfield code="a">Bible.</subfield>
         <subfield code="p">Old Testament</subfield>
         <subfield code="x">Theology.</subfield>
      </datafield>
      <datafield tag="630" ind1="0" ind2="0">
         <subfield code="a">Bible.</subfield>
         <subfield code="p">Old Testament</subfield>
         <subfield code="v">Comparative studies.</subfield>
      </datafield>
      <datafield tag="651" ind1=" " ind2="0">
         <subfield code="a">Israel</subfield>
         <subfield code="x">Religion.</subfield>
      </datafield>
      <datafield tag="651" ind1=" " ind2="0">
         <subfield code="a">Middle East</subfield>
         <subfield code="x">Religion.</subfield>
      </datafield>
      <datafield tag="600" ind1="1" ind2="0">
         <subfield code="a">Cross, Frank Moore.</subfield>
      </datafield>
      <datafield tag="700" ind1="1" ind2=" ">
         <subfield code="a">Miller, Patrick D.</subfield>
         <subfield code="e">ed.</subfield>
      </datafield>
      <datafield tag="700" ind1="1" ind2=" ">
         <subfield code="a">Hanson, Paul D.</subfield>
         <subfield code="e">ed.</subfield>
      </datafield>
      <datafield tag="700" ind1="1" ind2=" ">
         <subfield code="a">McBride, S. Dean</subfield>
         <subfield code="q">(Samuel Dean),</subfield>
         <subfield code="d">1937-</subfield>
         <subfield code="e">ed.</subfield>
      </datafield>
      <datafield tag="700" ind1="1" ind2=" ">
         <subfield code="a">Cross, Frank Moore.</subfield>
      </datafield>
      <datafield tag="796" ind1="1" ind2=" ">
         <subfield code="a">Tadmor, Hayim,</subfield>
         <subfield code="e">former owner.</subfield>
      </datafield>
      <datafield tag="796" ind1="1" ind2=" ">
         <subfield code="a">Tadmor, Miriam,</subfield>
         <subfield code="e">former owner.</subfield>
      </datafield>
      <datafield tag="797" ind1="2" ind2=" ">
         <subfield code="a">Tadmor Collection.</subfield>
      </datafield>
      <datafield tag="OWN" ind1=" " ind2=" ">
         <subfield code="a">GENERAL</subfield>
      </datafield>
      <datafield tag="950" ind1=" " ind2=" ">
         <subfield code="l">BMAIN</subfield>
         <subfield code="i">10/02/87 C</subfield>
      </datafield>
      <datafield tag="955" ind1=" " ind2=" ">
         <subfield code="l">BMAIN</subfield>
         <subfield code="c">1</subfield>
         <subfield code="q">87B30731-1</subfield>
         <subfield code="r">012615053</subfield>
         <subfield code="i">10/02/87 C</subfield>
      </datafield>
      <datafield tag="AVA" ind1=" " ind2=" ">
         <subfield code="a">NYU50</subfield>
         <subfield code="b">BOBST</subfield>
         <subfield code="c">Main Collection</subfield>
         <subfield code="d">BS1171.2 .A53 1987</subfield>
         <subfield code="e">available</subfield>
         <subfield code="t">Available</subfield>
         <subfield code="f">2</subfield>
         <subfield code="g">0</subfield>
         <subfield code="h">N</subfield>
         <subfield code="i">6</subfield>
         <subfield code="j">MAIN</subfield>
         <subfield code="k">0</subfield>
      </datafield>
      <datafield tag="AVA" ind1=" " ind2=" ">
         <subfield code="a">NYU50</subfield>
         <subfield code="b">NISAW</subfield>
         <subfield code="c">Small Collection</subfield>
         <subfield code="d">BS1171.2 .A53 1987</subfield>
         <subfield code="e">available</subfield>
         <subfield code="t">Available</subfield>
         <subfield code="f">1</subfield>
         <subfield code="g">0</subfield>
         <subfield code="h">N</subfield>
         <subfield code="i">0</subfield>
         <subfield code="j">SMALL</subfield>
         <subfield code="k">0</subfield>
      </datafield>
      <marc:datafield tag="852" ind1=" " ind2=" ">
         <marc:subfield code="b">Institute for the Study of the Ancient World, </marc:subfield>
         <marc:subfield code="c">Small Collection</marc:subfield>
         <marc:subfield code="e">15 East 84th St., </marc:subfield>
         <marc:subfield code="e">New York, NY  10028</marc:subfield>
      </marc:datafield>
   </record>