
  
  
  
  
  
  
 
  
  <record xsi:schemaLocation="http://www.loc.gov/MARC21/slim http://www.loc.gov/standards/marcxml/schema/MARC21slim.xsd">
      <leader>00000cam a2200337 a 45M</leader>
      <controlfield tag="FMT">BK</controlfield>
      <controlfield tag="LDR">00000cam a2200337 a 45M</controlfield>
      <controlfield tag="001">002004732</controlfield>
      <controlfield tag="003">NNU</controlfield>
      <controlfield tag="005">20140827140141.0</controlfield>
      <controlfield tag="008">920226s1981    inuc     b    011 0 eng</controlfield>
      <datafield tag="010" ind1=" " ind2=" ">
         <subfield code="a">80029112 //r83</subfield>
      </datafield>
      <datafield tag="020" ind1=" " ind2=" ">
         <subfield code="a">0931464064</subfield>
      </datafield>
      <datafield tag="035" ind1="9" ind2=" ">
         <subfield code="a">NYUb10953636</subfield>
      </datafield>
      <datafield tag="035" ind1=" " ind2=" ">
         <subfield code="a">(CStRLIN)NYUG92-B9772</subfield>
      </datafield>
      <datafield tag="035" ind1=" " ind2=" ">
         <subfield code="a">GLIS009536362</subfield>
      </datafield>
      <datafield tag="040" ind1=" " ind2=" ">
         <subfield code="d">NNU</subfield>
      </datafield>
      <datafield tag="050" ind1=" " ind2="4">
         <subfield code="a">BS1188</subfield>
         <subfield code="b">.T7 1981</subfield>
      </datafield>
      <datafield tag="082" ind1="0" ind2=" ">
         <subfield code="a">221.6</subfield>
         <subfield code="2">19</subfield>
      </datafield>
      <datafield tag="245" ind1="0" ind2="0">
         <subfield code="a">Traditions in transformation :</subfield>
         <subfield code="b">turning points in biblical faith /</subfield>
         <subfield code="c">edited by Baruch Halpern, Jon D. Levenson.</subfield>
      </datafield>
      <datafield tag="260" ind1=" " ind2=" ">
         <subfield code="a">Winona Lake, Ind. :</subfield>
         <subfield code="b">Eisenbrauns,</subfield>
         <subfield code="c">c1981.</subfield>
      </datafield>
      <datafield tag="300" ind1=" " ind2=" ">
         <subfield code="a">xiv, 446 p. :</subfield>
         <subfield code="b">port. ;</subfield>
         <subfield code="c">24 cm.</subfield>
      </datafield>
      <datafield tag="500" ind1=" " ind2=" ">
         <subfield code="a">"Festschrift honoring Frank Moore Cross"--T.p. verso.</subfield>
      </datafield>
      <datafield tag="500" ind1=" " ind2=" ">
         <subfield code="a">ISAW copy is from the Library of Hayim and Miriam Tadmor.</subfield>
         <subfield code="5">NNU</subfield>
      </datafield>
      <datafield tag="500" ind1=" " ind2=" ">
         <subfield code="a">Includes index.</subfield>
      </datafield>
      <datafield tag="504" ind1=" " ind2=" ">
         <subfield code="a">Bibliography: p. [405]-415.</subfield>
      </datafield>
      <datafield tag="505" ind1="0" ind2="0">
         <subfield code="t">Radical editing : Redaktionsgeschichte and the aesthetic of willed confusion /</subfield>
         <subfield code="r">John A. Miles, Jr. --</subfield>
         <subfield code="t">Searching for the origins of God /</subfield>
         <subfield code="r">Conrad E. L'Heureux --</subfield>
         <subfield code="t">Uneasy compromise : Israel between league and monarchy /</subfield>
         <subfield code="r">Baruch Halpern --</subfield>
         <subfield code="t">Withholding the word /</subfield>
         <subfield code="r">Waldemar Janzen --</subfield>
         <subfield code="t">Yahweh recalls Elijah /</subfield>
         <subfield code="r">Robert B. Coote --</subfield>
         <subfield code="t">In Zion and David a new beginning : an interpretation of Psalm 78 /</subfield>
         <subfield code="r">Richard J. Clifford --</subfield>
         <subfield code="t">From temple to synagogue : 1 Kings 8 /</subfield>
         <subfield code="r">Jon D. Levenson --</subfield>
         <subfield code="t">From Egypt to Egypt : Dtr1 and Dtr2 /</subfield>
         <subfield code="r">Richard Elliott Friedman --</subfield>
         <subfield code="t">Reporting speech in the book of Deuteronomy : toward a compositional analysis of the Deuteronomic history /</subfield>
         <subfield code="r">Robert Polzin --</subfield>
         <subfield code="t">Satire and symbolism in the song of Jonah /</subfield>
         <subfield code="r">James S. Ackerman --</subfield>
         <subfield code="t">Origin of the idea of resurrection /</subfield>
         <subfield code="r">Leonard J. Greenspoon --</subfield>
         <subfield code="t">Samaritan problem : a case study in Jewish sectarianism in the Roman era /</subfield>
         <subfield code="r">James D. Purvis --</subfield>
         <subfield code="t">Patterns of eschatology at Qumran /</subfield>
         <subfield code="r">John J. Collins --</subfield>
         <subfield code="t">Myth and history in the book of Revelation : the problem of its date /</subfield>
         <subfield code="r">Adela Yarbro Collins.</subfield>
      </datafield>
      <datafield tag="630" ind1="0" ind2="0">
         <subfield code="a">Bible.</subfield>
         <subfield code="p">Old Testament</subfield>
         <subfield code="x">Criticism, interpretation, etc., Jewish.</subfield>
      </datafield>
      <datafield tag="600" ind1="1" ind2="0">
         <subfield code="a">Cross, Frank Moore.</subfield>
      </datafield>
      <datafield tag="700" ind1="1" ind2=" ">
         <subfield code="a">Cross, Frank Moore.</subfield>
      </datafield>
      <datafield tag="700" ind1="1" ind2=" ">
         <subfield code="a">Halpern, Baruch</subfield>
         <subfield code="e">ed.</subfield>
      </datafield>
      <datafield tag="700" ind1="1" ind2=" ">
         <subfield code="a">Levenson, Jon Douglas</subfield>
         <subfield code="e">ed.</subfield>
      </datafield>
      <datafield tag="796" ind1="1" ind2=" ">
         <subfield code="a">Tadmor, Hayim,</subfield>
         <subfield code="e">former owner.</subfield>
      </datafield>
      <datafield tag="796" ind1="1" ind2=" ">
         <subfield code="a">Tadmor, Miriam,</subfield>
         <subfield code="e">former owner.</subfield>
      </datafield>
      <datafield tag="797" ind1="2" ind2=" ">
         <subfield code="a">Tadmor Collection.</subfield>
      </datafield>
      <datafield tag="OWN" ind1=" " ind2=" ">
         <subfield code="a">GENERAL</subfield>
      </datafield>
      <datafield tag="950" ind1=" " ind2=" ">
         <subfield code="l">BMAIN</subfield>
         <subfield code="i">05/08/92 C</subfield>
      </datafield>
      <datafield tag="955" ind1=" " ind2=" ">
         <subfield code="l">BMAIN</subfield>
         <subfield code="c">1</subfield>
         <subfield code="q">92B9772-1</subfield>
         <subfield code="r">016223011</subfield>
         <subfield code="i">05/08/92 C</subfield>
      </datafield>
      <datafield tag="AVA" ind1=" " ind2=" ">
         <subfield code="a">NYU50</subfield>
         <subfield code="b">BOBST</subfield>
         <subfield code="c">Main Collection</subfield>
         <subfield code="d">BS1188 .T7</subfield>
         <subfield code="e">available</subfield>
         <subfield code="t">Available</subfield>
         <subfield code="f">1</subfield>
         <subfield code="g">0</subfield>
         <subfield code="h">N</subfield>
         <subfield code="i">2</subfield>
         <subfield code="j">MAIN</subfield>
         <subfield code="k">0</subfield>
      </datafield>
      <datafield tag="AVA" ind1=" " ind2=" ">
         <subfield code="a">NYU50</subfield>
         <subfield code="b">NISAW</subfield>
         <subfield code="c">Small Collection</subfield>
         <subfield code="d">BS1188 .T7 1981</subfield>
         <subfield code="e">available</subfield>
         <subfield code="t">Available</subfield>
         <subfield code="f">1</subfield>
         <subfield code="g">0</subfield>
         <subfield code="h">N</subfield>
         <subfield code="i">0</subfield>
         <subfield code="j">SMALL</subfield>
         <subfield code="k">0</subfield>
      </datafield>
      <marc:datafield tag="852" ind1=" " ind2=" ">
         <marc:subfield code="b">Institute for the Study of the Ancient World, </marc:subfield>
         <marc:subfield code="c">Small Collection</marc:subfield>
         <marc:subfield code="e">15 East 84th St., </marc:subfield>
         <marc:subfield code="e">New York, NY  10028</marc:subfield>
      </marc:datafield>
   </record>